4517 6125
277 2310 407 2361 Breniarii
419 2327 481 2358 ants

295 2381 323 2429 in
343 2379 460 2430 Francia

292 2449 463 2499 meridionali.

297 3168 325 3217 in
344 3165 461 3216 Francia

276 3236 476 3301 septentrionali.

345 3701 415 3750 luris

289 3770 429 3822 Iustiniani
448 3769 475 3819 in

324 3840 441 3904 partibus

297 3910 461 3960 Francorum

333 3980 431 4030 notitia.

1090 585 1122 595 —
1159 543 1292 611 dccxli
1328 583 1361 597 -

503 707 637 781 Romana,
656 725 728 783 quae
746 709 912 782 aequalibus
929 711 986 767 suis
1003 711 1071 766 iuris
1084 710 1202 767 Romani
1216 710 1340 783 vulgaris
1358 710 1458 782 peritis
1475 699 1552 766 haud
1569 707 1669 781 ignota
1687 707 1750 775 fuit,
1769 704 1815 765 tot
1832 696 1944 779 capitu-

504 803 575 858 laria
592 803 695 872 fingere
713 817 802 870 neque
821 797 1015 854 constitutioni
1033 798 1243 854 Sirmondianae
1261 797 1381 868 primae,
1401 815 1486 866 quam
1504 797 1533 852 in
1552 796 1648 852 codice
1667 797 1788 865 quodam
1808 794 1947 852 Breviarii

503 907 536 944 ex
558 888 630 944 libro
653 886 761 944 decimo
783 889 861 942 sexto
882 885 1070 941 Theodosiani
1094 885 1210 954 genuini
1234 888 1317 940 aucto
1341 884 1463 949 invenit,
1488 883 1605 939 formam
1630 883 1799 954 capitularis
1821 884 1947 940 dedisset

503 993 592 1044 neque
605 974 721 1030 dixisset
738 973 928 1044 legislatorem
947 990 1009 1027 eam
1028 972 1156 1027 consultu
1175 971 1298 1027 onmium
1316 971 1437 1027 fidelium
1457 975 1516 1026 tam
1534 971 1698 1026 clericorum
1710 988 1794 1039 quam
1806 971 1944 1027 laicorum

504 1079 538 1115 ex
555 1061 627 1115 libro
645 1060 752 1115 decimo
771 1064 849 1115 sexto
867 1058 972 1113 codicia
990 1058 1177 1114 Theodosiani
1196 1058 1270 1113 inter
1286 1059 1415 1128 capitula
1433 1076 1483 1128 pro
1501 1059 1564 1129 lege
1583 1057 1704 1113 tenenda
1722 1058 1846 1127 posuisse
1866 1058 1945 1128 [Ben.

505 1146 568 1201 Lev.
584 1147 617 1213 ll,
631 1148 697 1209 366;
715 1145 752 1200 Μ.
766 1145 797 1200 G.
810 1144 862 1200 LL.
875 1144 936 1211 tlte,
950 1145 1004 1214 91].

591 1249 733 1304 Postremo
750 1266 805 1303 non
823 1247 934 1304 omnino
953 1247 1138 1303 omittendum
1156 1247 1210 1304 erit
1231 1247 1397 1318 scriptorem
1416 1248 1556 1318 epitomae
1574 1248 1749 1320 Aegidianae
1768 1250 1944 1312 decurtatae,

504 1353 589 1404 quam
608 1336 694 1391 codex
714 1335 911 1390 Ambrosianus
929 1336 962 1389 46
974 1335 1023 1389 inf.
1042 1334 1150 1391 decimo
1168 1336 1281 1390 saeculo
1304 1335 1333 1388 in
1352 1335 1438 1390 ltalia
1460 1335 1675 1405 septentrionali
1698 1337 1842 1391 confectus
1865 1335 1947 1391 nobis

505 1421 630 1490 praebet,
648 1421 678 1474 in
697 1419 835 1490 principio
852 1419 882 1474 in
901 1419 1012 1475 rubrica
1029 1418 1180 1488 marginali
1193 1420 1279 1474 verba
1297 1420 1436 1489 posuisse:
1453 1420 1545 1475 ‘Haec
1563 1421 1692 1491 capitula
1709 1423 1838 1478 aCarolo
1857 1422 1949 1492 primo

505 1511 534 1563 et
550 1506 649 1576 Pipino
667 1506 725 1561 filio
743 1506 802 1562 eius
820 1505 893 1561 inter
910 1507 988 1576 leges
1000 1505 1168 1560 Francorum
1186 1508 1301 1575 recepta
1319 1508 1349 1560 et
1366 1505 1460 1575 posita
1477 1506 1561 1561 sunt?
1590 1507 1667 1562 Haec
1685 1507 1820 1571 clausula,
1839 1507 1873 1561 de
1891 1524 1949 1576 qua

504 1593 579 1649 inter
596 1597 703 1649 ceteros
721 1592 865 1656 Conratus,
884 1591 1009 1656 Patetta,
1027 1593 1058 1647 P.
1071 1591 1204 1646 Fournier
1221 1596 1339 1662 egerunt
1347 1595 1374 1658 ¹),
1393 1592 1525 1656 ostendit,
1544 1592 1724 1661 quantumvis
1741 1592 1792 1648 illo
1810 1595 1946 1662 tempore,

504 1697 560 1748 quo
579 1684 715 1748 concepta
733 1683 784 1742 cst,
802 1679 894 1734 adhuc
913 1678 942 1733 in
960 1677 1094 1733 memoria
1105 1677 1199 1743 fuerit,
1217 1681 1353 1747 quantam
1365 1694 1462 1733 curam
1475 1677 1524 1732 ille
1537 1677 1690 1748 imperator
1701 1678 1788 1734 etiam
1801 1678 1946 1735 Bresiario

505 1772 598 1821 nostro
617 1765 798 1836 impendisset
816 1771 846 1821 et
863 1764 958 1835 opinio
972 1764 1093 1819 valuerit
1105 1763 1235 1818 Carolum
1248 1762 1420 1818 Brevisrium
1433 1763 1622 1819 Alaricianum
1641 1765 1671 1819 in
1688 1766 1765 1836 leges
1777 1764 1949 1820 Francorum

505 1854 650 1924 recepisse.
691 1853 840 1908 Praeterea
861 1852 886 1906 si
908 1852 1001 1907 scriba
1022 1850 1112 1921 ipsius
1134 1851 1238 1906 codicis
1257 1851 1302 1905 vel
1325 1850 1398 1905 alius
1420 1850 1537 1905 Italicus
1562 1850 1635 1905 hanc
1657 1851 1797 1907 rubricam
1823 1857 1857 1907 ut
1878 1855 1950 1924 puto

506 1938 634 2006 confecit,
653 1939 760 1994 decimo
778 1938 890 1994 saecqu
909 1938 996 1993 etiam
1014 1936 1041 1991 in
1061 1936 1169 1992 ltalia
1187 1935 1401 2007 septentrionali
1419 1936 1546 1993 homines
1567 1935 1611 1991 ita
1628 1937 1663 1990 de
1681 1937 1825 1993 Breviario
1843 1938 1950 2009 cogita

507 2024 579 2079 visse
598 2024 735 2079 videntur.
771 2024 825 2079 Sed
848 2024 882 2077 de
906 2024 989 2078 rebus
1012 2027 1170 2093 temporum
1189 2022 1282 2077 Caroli
1306 2022 1387 2077 nobis
1408 2021 1480 2076 nihil
1506 2022 1575 2078 certi
1595 2024 1729 2091 praebere
1747 2028 1854 2094 potest,
1875 2026 1951 2093 qnod

506 2110 586 2165 illum
603 2127 658 2164 non
676 2110 779 2179 fugiet,
802 2109 851 2179 qui
873 2109 940 2174 scit,
963 2127 1048 2177 qnam
1071 2109 1128 2164 cito
1152 2109 1210 2163 illis
1233 2125 1344 2178 qnoque
1367 2108 1540 2178 temporibus
1557 2108 1692 2164 memoria
1708 2127 1800 2164 rerum
1818 2113 1949 2165 actamm

507 2197 662 2265 varietur.²)

593 2292 697 2347 Multos
719 2309 770 2362 per
791 2309 878 2347 annos
900 2291 929 2345 in
951 2290 1009 2344 illis
1032 2289 1194 2361 regionibus
1211 2290 1269 2345 t'ere
1288 2306 1368 2345 omne
1386 2289 1429 2344 ius
1448 2290 1602 2345 &manum
1621 2308 1655 2345 ex
1672 2289 1818 2346 Breviario
1836 2290 1948 2347 haurie-

507 2376 599 2431 batur.
630 2376 744 2430 Maximi
762 2376 895 2431 momenti
913 2376 941 2430 in
961 2375 1091 2446 partibus
1108 2376 1348 2431 meridionalis
1361 2376 1495 2431 Francius
1514 2380 1583 2440 erat,
1601 2376 1631 2431 in
1643 2376 1745 2446 quibus
1757 2377 1848 2433 multo
1860 2378 1951 2434 maior

507 2481 572 2532 pars
589 2463 695 2518 ibidem
713 2462 905 2518 habitantium
923 2468 1038 2534 propter
1056 2462 1193 2533 originem
1210 2462 1363 2518 Romanam
1388 2463 1449 2519 eius
1471 2462 1595 2519 rationes
1615 2468 1712 2518 secuta
1730 2469 1781 2519 est
1817 2464 1950 2533 Vigorem

507 2548 575 2604 iuris
597 2549 717 2604 Romani
739 2567 819 2619 reges
842 2553 981 2605 auxerunt
1002 2548 1095 2604 edicto
1118 2548 1239 2604 Pistensi
1258 2551 1329 2618 (664)
1353 2549 1513 2606 ordinantes
1535 2551 1563 2604 in
1589 2551 1717 2621 partibus
1741 2552 1811 2608 iuris
1831 2553 1950 2609 &mani

505 2636 631 2691 homines
650 2639 765 2706 propter
782 2637 917 2691 nonnulla
935 2635 1051 2691 crimina
1069 2635 1186 2705 publica
1204 2653 1258 2691 non
1276 2636 1334 2690 illis
1352 2636 1457 2705 poenis,
1475 2652 1548 2706 qnae
1567 2637 1738 2706 capitularia
1754 2656 1852 2709 regum
1865 2638 1950 2695 Fusu-

507 2739 600 2776 cornm
619 2722 801 2788 constituunt,
822 2722 984 2777 afficiendos
1001 2723 1050 2776 sed
1068 2723 1219 2778 secuudum
1237 2722 1330 2792 legem
1348 2722 1408 2787 fori,
1427 2741 1499 2792 quae
1518 2723 1623 2779 ibidem
1642 2723 1769 2780 Romana
1787 2724 1850 2793 fuit,
1869 2726 1952 2798 puni-

506 2808 591 2862 endos
608 2825 675 2862 esse.
706 2806 777 2861 Aliis
796 2825 811 2863 e
829 2808 971 2877 capitibus
988 2808 1075 2863 edicti
1093 2808 1185 2878 legem
1203 2807 1319 2880 originis
1337 2808 1525 2864 adhibendam
1537 2827 1596 2865 esse
1612 2809 1743 2881 intellegi
1760 2815 1863 2881 potest,
1876 2830 1951 2880 quae

508 2912 571 2950 vero
596 2897 628 2948 ut
652 2910 736 2963 supra
760 2893 892 2959 diximus,
920 2894 1019 2949 incolis
1044 2894 1105 2950 eius
1130 2894 1255 2965 regionis
1279 2894 1442 2965 plerumque
1467 2895 1593 2951 Romana
1615 2900 1685 2952 erat.
1727 2897 1881 2954 Paullatim
1906 2898 1951 2954 ius

507 2981 661 3036 Romanum
675 2981 702 3033 in
718 2979 846 3050 partibus
857 2980 1047 3036 meridionalis
1061 2981 1194 3037 Franciae
1213 2981 1256 3035 ius
1269 2984 1360 3037 terrae
1373 2982 1479 3036 facturn
1498 2986 1541 3038 est
1559 2981 1656 3051 itaque
1675 2982 1704 3036 in
1722 2983 1842 3053 indiciis,
1857 2985 1951 3054 quoad

508 3067 720 3123 consuetudines
733 3067 890 3124 contrariae
902 3087 957 3123 non
970 3068 1146 3134 exstiterunt,
1158 3086 1231 3138 qnae
1245 3069 1299 3123 iuri
1316 3068 1422 3139 scripto
1436 3070 1650 3136 antecedebant,
1669 3070 1825 3141 promiscue
1843 3075 1874 3128 et
1891 3072 1951 3128 sine

507 3153 565 3208 ullo
590 3152 748 3209 discrimine
773 3153 992 3223 adhibebatur.⁸)
1033 3154 1086 3210 Sed
1108 3154 1196 3210 etiam
1222 3154 1251 3208 in
1275 3154 1546 3225 septentrionali
1571 3159 1652 3226 parte
1677 3156 1757 3227 regni
1781 3156 1950 3213 Francorum

508 3240 626 3294 Romani
649 3238 677 3293 in
695 3240 754 3293 foro
771 3239 915 3296 Breviario
937 3242 1101 3306 utebantur,
1126 3240 1260 3310 quamdiu
1283 3241 1434 3297 secundum
1453 3240 1589 3313 originem
1612 3243 1671 3298 eius
1690 3242 1790 3312 cuique
1813 3243 1857 3299 ius
1876 3243 1951 3301 dice·

507 3326 599 3380 batur.
635 3325 790 3381 Paullatim
813 3327 948 3382 nonnulla
973 3344 1006 3381 ex
1029 3326 1088 3383 inre
1112 3327 1236 3382 Romano
1256 3325 1389 3382 Breviarii
1414 3327 1444 3381 in
1468 3326 1513 3382 ius
1537 3328 1810 3385 consuetudinarium
1836 3328 1950 3386 illorum

508 3412 603 3466 finium
629 3413 842 3480 transierunt⁴),
868 3412 989 3483 undique
1010 3431 1073 3469 vero
1092 3413 1230 3468 Breviarii
1248 3412 1463 3469 constitutiones
1481 3414 1539 3470 iure
1558 3414 1801 3471 consuetudinario
1828 3416 1950 3473 multum

509 3497 731 3554 immutabantur
752 3498 848 3569 itaque
873 3500 913 3564 id,
936 3500 1023 3569 quot}
1032 3500 1217 3555 instrumenta
1241 3500 1354 3569 aliaque
1376 3500 1483 3571 scripta
1504 3500 1606 3571 ‘legem
1630 3500 1791 3557 Romanam'
1815 3502 1876 3557 sive
1898 3503 1952 3560 'ius

509 3584 674 3639 Romanum’
691 3586 847 3656 appellant,
865 3604 883 3641 a
902 3585 1037 3642 Brevisrii
1055 3584 1285 3657 dispositionibus
1304 3586 1386 3642 valde
1404 3586 1555 3654 discedit.⁶)

595 3689 641 3744 Ins
664 3689 820 3745 Romanum
844 3689 993 3744 Iustiniani
1017 3708 1082 3744 vero
1107 3693 1227 3759 excepta
1249 3690 1301 3745 illa
1322 3688 1425 3744 Iuliani
1448 3691 1572 3760 epitoma
1595 3694 1707 3760 praeter
1726 3691 1951 3762 Burgundiam⁸)

509 3781 575 3831 ante
600 3777 743 3831 saeculnm
765 3776 956 3832 duodecimum
981 3777 1109 3832 omnibns
1132 3777 1266 3832 Franciae
1285 3776 1504 3846 Germaniaeque
1528 3776 1657 3848 partibus
1681 3777 1793 3833 omniuo
1819 3777 1950 3849 ignotum

509 3863 596 3929 ttrite)
632 3862 741 3917 Primus
758 3864 876 3919 fortasse
898 3863 927 3917 iu
946 3863 1003 3918 illis
1021 3863 1198 3929 civitatibus,
1222 3881 1294 3933 quae
1317 3882 1434 3935 regnum
1451 3864 1619 3919 Francorum
1642 3868 1756 3919 secutae
1783 3870 1876 3930 erant,
1902 3867 1953 3921 lvo

509 3949 687 4005 Carnotcnsis
703 3949 747 4004 ius
764 3950 913 4006 Iustiniani
931 3950 960 4005 in
978 3951 1058 4006 libris
1076 3950 1133 4006 suis
1151 3949 1283 4006 adhibuit
1301 3955 1331 4006 et
1348 3950 1495 4021 excerpsit
1525 3951 1563 4006 At
1581 3950 1641 4021 ipse
1660 3969 1694 4008 ex
1712 3950 1845 4022 originali
1863 3970 1953 4007 unum

509 4035 633 4091 codicem
651 4036 743 4101 novit,
760 4036 964 4093 Pandectarum
982 4041 1012 4092 et
1030 4037 1243 4094 Institutionum
1262 4038 1337 4093 locos
1355 4055 1389 4094 ex
1407 4037 1572 4107 compendio
1590 4038 1658 4094 iuris
1676 4038 1825 4095 Iustiniani
1845 4038 1953 4105 hausit,

599 4249 619 4313 ¹)
637 4253 681 4299 etr.
701 4250 765 4300 lianc
782 4250 968 4315 Prolegomena
986 4269 1010 4317 p.
1023 4251 1148 4303 xxxvii
1156 4251 1172 4302 ¹.

596 4344 618 4405 1)
639 4345 740 4395 Waitz¹
759 4346 802 4406 VI,
818 4344 878 4398 516.
901 4374 934 4385 -
958 4348 1030 4410 Quas
1053 4349 1155 4412 quidem
1179 4347 1210 4398 de
1235 4346 1333 4414 origine
1355 4362 1507 4412 magnorum
1535 4344 1598 4396 iuris
1621 4344 1767 4396 Germanici
1792 4344 1870 4395 medii
1896 4344 1955 4396 aevi

510 4414 676 4480 speculorum
701 4416 804 4466 saeculo
826 4417 889 4466 xltt
915 4419 1089 4469 consecutum
1116 4418 1232 4467 homines
1258 4417 1309 4467 iarn
1336 4416 1439 4467 merulo
1463 4415 1524 4465 rttv
1545 4414 1682 4471 senserint,
1710 4413 1841 4465 Henrieus
1867 4414 1955 4479 Siegel

510 4484 649 4604 ἰῖΙΙῘιέεῑτινὶῑ
667 4485 797 4604 iii-gamm.
810 4488 871 4536 min.
885 4485 959 4536 Viud.
972 4487 1003 4537 cl.
1016 4486 1079 4553 phil.
1092 4488 1152 4537 hist.
1165 4486 1241 4549 CXL,
1255 4503 1365 4550 quocum
1378 4488 1472 4549 censer,
1491 4500 1558 4551 quae
1576 4484 1631 4550 ipse
1649 4484 1747 4551 scripsi,
1766 4483 1869 4535 Ζ11161.ι
1881 4483 1956 4547 XXI,

571 4569 608 4618 sq.
627 4564 652 4603 et
692 4566 699 4603 t
722 4591 729 4606 .

598 4647 619 4713 ⁸)
638 4651 755 4700 Brunner
772 4652 792 4711 1,
810 4648 874 4711 2633
897 4651 991 4701 Tardis
1004 4652 1056 4701 ott.
1075 4648 1125 4701 267
1136 4667 1187 4715 sq.;
1211 4651 1306 4701 Conrut
1324 4651 1344 4713 l,
1356 4646 1421 4710 43·;
1445 4649 1566 4701 Brisssud
1583 4646 1616 4699 61
1635 4655 1662 4700 st
1680 4645 1730 4699 150
1738 4664 1775 4713 sq.
1795 4673 1828 4684 -
1844 4647 1955 4698 Senten-

510 4717 572 4768 tiam
596 4719 730 4770 consulum
753 4721 938 4771 Tolosanorum
962 4722 1023 4770 anui
1046 4718 1110 4770 1216
1132 4737 1164 4771 ex
1186 4720 1417 4771 consuetudinibus
1440 4726 1466 4770 st
1489 4719 1652 4769 libertatibus
1673 4717 1807 4769 Tolosanis
1824 4716 1956 4767 Tardifius

510 4787 536 4835 in
555 4786 655 4838 libello:
674 4790 710 4839 Le
729 4790 795 4839 droit
811 4791 883 4855 prise
901 4807 934 4839 su
952 4790 1032 4840 11111Θ
1051 4790 1127 4839 siecle
1147 4788 1236 4851 (11186)
1256 4807 1280 4855 p.
1293 4788 1327 4837 δ’
1344 4788 1463 4854 praebet:
1481 4784 1543 4838 ‘Est
1560 4788 1718 4839 cousuetudo
1736 4788 1762 4837 in
1780 4787 1831 4836 hac
1848 4786 1955 4837 civitate

510 4858 643 4918 contraris,
663 4874 728 4921 quse
745 4860 794 4908 iuri
813 4862 908 4925 scripto
926 4860 1058 4925 praevalet
1075 4866 1101 4909 ct
1118 4870 1157 4909 est
1175 4860 1277 4925 penitus
1296 4852 1474 4909 observanda.'

599 4951 619 5013 ⁴)
638 4953 773 5003 Cnillcrner
791 4953 867 5019 bsq.;
893 4956 1038 5019 Auaron,
1063 4956 1100 5003 Le
1122 4955 1188 5004 droit
1210 4954 1281 5020 prise
1305 4952 1364 5020 pb
1389 4954 1527 5019 praecipue
1548 4953 1747 5003 eonsuetudines
1771 4950 1956 5001 atrebatenses

511 5016 655 5085 [contunres
673 5020 794 5087 d'Artois]
813 5023 989 5076 tres-1302
1005 5023 1045 5089 [Τ.
1058 5024 1155 5086 atta
1173 5026 1218 5074 csr.
1237 5027 1278 5074 ttr.
1291 5025 1339 5075 Th.
1359 5026 1391 5085 ll,
1405 5021 1459 5083 9,2
1477 5019 1534 5088 int]
1553 5024 1677 5072 nominat.

601 5117 620 5179 ι)
640 5117 732 5166 Tardis
747 5119 800 5169 OR.
818 5117 928 5185 utimr
948 5120 1033 5171 stouff
1048 5117 1064 5169 9
1082 5127 1108 5170 at
1127 5119 1167 5170 10.

600 5211 621 5273 ⁰)
640 5214 736 5263 Cernat
754 5212 819 5275 L3l
830 5231 881 5279 sq.;
903 5217 1007 5267 Hslban
1027 5217 1046 5279 1,
1058 5214 1122 5275 269;
1148 5216 1179 5275 11,
1193 5212 1243 5264 312
1261 5222 1287 5265 st
1305 5210 1386 5272 353⁸,
1409 5213 1511 5262 Patettu
1533 5212 1559 5261 in
1578 5212 1634 5261 Riv.
1648 5211 1679 5261 It.
1697 5211 1756 5275 Xtt,
1768 5207 1819 5261 309
1829 5228 1866 5277 sq.
1886 5212 1957 5264 hanc

512 5283 614 5333 Conrati
633 5282 778 5348 opinionem
797 5284 914 5350 denegat.

600 5375 622 5443 ⁷)
641 5378 735 5426 Conrut
752 5379 771 5436 1,
785 5375 864 5443 33sq.
885 5386 910 5429 et
927 5376 958 5428 ll
970 5396 1023 5443 sq.;
1041 5379 1162 5429 Brisssud
1181 5376 1232 5429 170
1241 5395 1278 5445 sq.
1297 5388 1323 5430 et
1343 5374 1398 5429 176.
