4517 6125
201 3716 396 3771 16661116ιῆ666

217 3789 329 3839 directae
346 3785 383 3836 ud

216 3858 394 3923 mapirtrutum

185 4081 396 4133 Gcmtituticrrum

1043 563 1268 626 -0119-

440 723 610 795 reliquarum
623 722 683 782 dies
694 721 826 796 locusque
838 723 940 782 adsunt
952 725 1115 798 subscripti;
1134 727 1331 798 pertinentque
1348 723 1371 781 ii
1389 727 1439 782 aut
1456 723 1493 782 66
1510 721 1651 784 dationem
1669 721 1756 783 edicti
1773 728 1825 783 aut
1843 721 1879 782 ad

441 812 668 884 propositionem.
697 812 765 868 Dati
776 813 863 869 edicti
877 813 1047 884 subscriptio
1059 813 1284 883 frequentissima
1296 817 1339 869 est
1350 811 1528 883 pertinetque
1547 830 1588 883 66,
1606 817 1639 869 61
1656 813 1738 869 16666
1751 812 1879 877 diximus,

441 917 504 954 cum
516 899 577 955 loco
589 917 638 955 suo
651 900 688 954 ad
698 899 902 971 imperatorem.
928 899 1086 970 Propositio
1099 918 1162 955 cum
1174 899 1288 956 datione
1301 903 1333 955 ut
1346 903 1440 971 potest
1451 918 1506 955 666
1518 905 1584 955 actu
1596 899 1740 965 contineri,
1752 900 1796 955 ita
1806 899 1879 954 nihil

441 986 571 1057 impedit,
593 986 740 1056 quominus
757 986 879 1042 edictum
897 987 994 1042 datum
1012 991 1088 1042 certo
1105 986 1152 1041 die
1174 989 1204 1041 et
1227 986 1288 1042 loco
1306 985 1363 1041 alio
1382 985 1427 1041 die
1445 985 1544 1041 aliisve
1567 990 1597 1042 et
1618 985 1675 1042 alio
1693 987 1755 1043 loco
1778 986 1878 1041 aliisve

440 1077 620 1143 proponatur.
655 1071 722 1127 Eius
740 1071 769 1126 in
787 1071 888 1128 edictis
911 1072 1016 1128 mentio
1039 1071 1126 1128 rarior
1138 1077 1194 1137 est,
1219 1073 1267 1128 sed
1285 1072 1424 1143 reperitur
1442 1076 1501 1128 tam
1519 1073 1668 1129 coniuncta
1684 1091 1746 1128 curn
1765 1073 1879 1128 datione

441 1159 553 1225 (8,16,1
574 1189 607 1198 -
625 1157 711 1224 9,1,3
729 1189 762 1198 -
782 1157 875 1224 11,30,
887 1159 919 1213 16
937 1189 970 1199 -
991 1159 1126 1226 11,30,11
1145 1158 1430 1228 -11,34,1)66661
1449 1158 1576 1214 solitaria
1594 1159 1879 1227 (8,4,2-9,1,4-

442 1244 802 1314 11,30,15-12,1,1-
827 1246 867 1309 12,
882 1247 907 1310 6,
922 1245 958 1313 2).
999 1244 1087 1300 Locus
1111 1245 1135 1298 si
1160 1245 1209 1315 qui
1234 1244 1420 1316 propositioni
1443 1245 1557 1302 additur
1579 1246 1616 1300 ad
1640 1244 1730 1316 ipsam
1755 1244 1879 1315 pertinet

440 1331 653 1401 nominanturqe
670 1332 700 1387 in
718 1331 819 1388 edictis
837 1332 874 1387 ad
891 1333 1026 1402 populum
1044 1332 1267 1403 provincialesve
1283 1332 1358 1389 datis
1375 1333 1456 1389 modo
1470 1334 1559 1389 Roma
1577 1333 1881 1401 (1,9,1-8,16,1-

439 1417 525 1482 9,1,3
543 1418 577 1473 61.
591 1419 648 1484 1,9,
660 1420 694 1488 1),
711 1419 793 1474 61666
810 1417 976 1474 Nicomedia
994 1420 1028 1486 (9,
1042 1420 1110 1488 m),
1129 1421 1211 1475 modo
1229 1418 1486 1491 Constantinopolis
1504 1419 1608 1487 (11,30,
1620 1420 1672 1489 16),
1690 1421 1723 1474 61
1741 1423 1880 1491 appareat

440 1503 542 1573 respici
559 1503 588 1558 iu
600 1520 694 1560 eorum
706 1505 896 1576 propositione
909 1505 1074 1576 praesertim
1085 1506 1167 1560 urbes
1180 1505 1291 1576 imperii
1304 1506 1482 1577 praecipuam
1500 1505 1620 1561 minores
1637 1504 1667 1560 16
1685 1503 1729 1560 bis
1740 1522 1795 1560 uon
1808 1523 1879 1560 com·

441 1595 548 1660 parent
583 1590 719 1647 Similiter
736 1592 831 1649 edicta
848 1592 956 1648 directa
973 1593 1010 1648 66
1026 1590 1107 1647 Afros
1125 1597 1319 1664 proponuntur
1330 1592 1506 1664 Karthagine
1525 1593 1559 1660 (8,
1568 1593 1620 1657 4,2
1637 1621 1671 1632 -
1690 1589 1828 1656 11,30,16
1846 1619 1879 1631 -

441 1677 481 1742 12,
491 1679 516 1742 5,
525 1677 560 1745 2).
591 1676 711 1734 Minores
727 1679 809 1734 urbes
827 1677 855 1733 iu
873 1677 1261 1749 eiusmodi'propositionibns
1273 1697 1327 1734 uon
1340 1678 1520 1735 nominantur
1530 1682 1643 1749 praeter
1653 1694 1739 1732 uuam
1754 1677 1880 1747 Capuam

440 1763 508 1830 (7,9‚
520 1763 554 1833 1).
590 1764 683 1834 Accipi
702 1764 825 1821 edictum
842 1764 977 1834 antiquae
996 1763 1189 1821 consuetudini
1207 1764 1377 1822 contrarium
1394 1768 1438 1821 est
1459 1782 1549 1835 neque
1571 1763 1714 1820 invenitur
1730 1761 1761 1817 in
1779 1761 1881 1818 edictis

440 1847 495 1901 uisi
512 1848 619 1905 duobus
637 1849 707 1906 locis
723 1850 758 1919 (1,
767 1851 816 1916 9,1
836 1882 869 1893 -
889 1852 929 1917 11,
940 1852 981 1918 16,
992 1851 1019 1919 3)
1036 1850 1128 1906 minus
1145 1850 1258 1922 proprie
1276 1848 1375 1922 opinor
1391 1850 1535 1907 usitatum

525 1954 653 2010 Alterum
673 1973 761 2026 genus
782 1956 877 2027 legum
899 1955 1144 2028 imperatoriamm
1166 1959 1261 2013 astate
1283 1955 1396 2013 meliore
1418 1973 1473 2011 nou
1496 1958 1556 2010 tam
1573 1953 1702 2024 ignotum
1720 1969 1805 2023 quam
1823 1969 1879 2007 nou

439 2037 512 2094 inter
529 2039 606 2111 leges
625 2058 704 2096 veras
721 2042 841 2099 relatum
859 2042 986 2098 efficiunt
1003 2041 1126 2098 directae
1145 2047 1195 2098 aut
1216 2043 1252 2097 ad
1269 2046 1397 2098 senatum
1415 2041 1519 2098 autad
1537 2039 1734 2112 magistratum
1746 2036 1879 2109 aliquem.

439 2125 499 2181 Has
522 2126 598 2196 leges
617 2144 787 2196 quamquam
804 2131 834 2184 et
851 2129 930 2199 ipsae
953 2129 1058 2200 passim
1075 2129 1149 2185 inter
1165 2128 1320 2185 ‘edictales’
1337 2131 1519 2186 numerantur
1539 2125 1881 2197 (61666.1161.7,1,5·-

438 2211 560 2278 24,1,20
578 2215 648 2283 cet),
668 2212 697 2268 id
715 2214 751 2269 ad
770 2214 827 2270 vim
843 2214 916 2286 legis
933 2216 1063 2287 pertinet,
1082 2232 1138 2270 nou
1155 2216 1192 2270 ad
1210 2215 1335 2282 sormam,
1352 2232 1442 2284 neque
1460 2213 1578 2269 dubium
1595 2215 1638 2268 est
1655 2213 1707 2268 has
1725 2229 1791 2277 6666,
1810 2227 1881 2281 quas

440 2297 613 2354 Theodosius
630 2298 731 2356 edictis
749 2300 876 2371 opponit,
895 2302 971 2373 leges
988 2302 1078 2358 ‘sacra
1094 2300 1282 2373 generalitate
1300 2300 1443 2357 subnixas’
1454 2301 1490 2368 (1,
1501 2302 1524 2365 1,
1536 2301 1553 2354 6
1565 2317 1618 2371 61.;
1635 2297 1782 2355 ‘edictales
1799 2313 1882 2370 gene-

439 2385 577 2455 ralesque’
594 2386 808 2443 constitutiones
828 2388 850 2454 1,
862 2389 886 2453 1,
896 2388 931 2457 6),
949 2387 1061 2444 66111661
1079 2387 1296 2444 constitutiones
1313 2385 1452 2460 generalis
1470 2385 1629 2457 argumenti
1652 2385 1688 2441 ab
1706 2381 1881 2455 imperatori-

439 2470 491 2525 bus
508 2471 606 2527 missas
628 2472 731 2528 autad
753 2477 880 2530 senatum
898 2477 948 2530 aut
966 2475 1002 2530 ad
1020 2473 1218 2547 magistratum
1242 2474 1373 2544 aliquem.
1410 2472 1562 2529 Videamus
1585 2471 1704 2544 primum
1726 2468 1881 2527 66666611-

439 2556 596 2613 tutiouibus
613 2557 688 2613 datis
706 2576 756 2629 per
773 2564 910 2616 senatum.

528 2659 835 2730 06661116116666661,
861 2667 894 2719 61
919 2663 1036 2731 12,11,2
1058 2662 1088 2718 16
1110 2662 1311 2719 constitutione
1332 2680 1358 2718 a.
1376 2662 1427 2718 386
1449 2662 1601 2718 secundum
1625 2678 1706 2716 usum
1732 2657 1882 2728 antiquum

440 2746 632 2825 appellantur,
653 2748 796 2814 6611116666)
815 2748 939 2805 61166166
960 2749 1142 2804 crismatum
1166 2751 1210 2806 vel
1235 2749 1326 2820 magis
1344 2748 1457 2821 proprie
1480 2766 1531 2819 per
1552 2746 1733 2818 epistularem
1750 2746 1881 2801 sormam:

439 2833 614 2903 imperatores
635 2834 787 2889 6666616166
806 2837 975 2904 prunonem
996 2836 1113 2891 triburis
1133 2837 1218 2905 plebis
1239 2837 1347 2891 6666161
1372 2852 1422 2891 suo
1446 2836 1558 2890 66116166
1583 2833 1705 2902 61616611)
1730 2835 1881 2904 postquam

440 2918 524 2974 66166
546 2924 611 2975 sunt
632 2919 669 2975 ab
686 2918 854 2990 imperatore
879 2920 1053 2990 subscriptae
1061 2923 1095 2990 ²),
1118 2919 1249 2977 dicuntur
1272 2922 1354 2976 166166
1376 2921 1407 2974 irs
1429 2926 1525 2976 6666616
1542 2921 1610 2989 (ue,
1621 2920 1652 2975 11
1671 2950 1705 2961 —
1723 2917 1823 2984 6623
1841 2917 1882 2986 [16

440 3005 485 3059 his
496 3005 603 3061 duabus
615 3006 694 3063 deest
705 3006 736 3060 irs
748 3006 854 3076 666616)
867 3035 900 3046 -
912 3006 1010 3073 9,1,13
1023 3038 1055 3047 -
1070 3007 1109 3072 10,
1121 3007 1172 3073 9,8
1188 3035 1216 3046 -
1231 3008 1271 3074 16,
1283 3009 1306 3073 1,
1319 3009 1361 3077 19)
1374 3008 1419 3064 661
1430 3008 1558 3064 recitatae
1567 3007 1601 3061 166
1611 3011 1706 3063 asma
1717 3005 1754 3076 (6,
1762 3005 1831 3070 225
1844 3032 1879 3044 -

440 3092 541 3158 8,18,1
561 3123 594 3134 -
612 3092 683 3147 Nos.
696 3093 758 3149 Val.
771 3095 793 3162 l,
802 3093 838 3160 3).
868 3093 989 3150 Additur
1005 3093 1165 3164 aliquoties,
1184 3094 1259 3165 apud
1277 3112 1361 3163 quem
1378 3094 1424 3149 vel
1441 3111 1491 3165 per
1508 3112 1590 3164 quem
1609 3093 1700 3149 lectae
1718 3092 1776 3148 6161
1792 3090 1880 3161 (apud

440 3174 557 3231 Vettium
579 3176 712 3243 1111666616
729 3182 752 3247 p
768 3186 795 3232 ss
817 3177 915 3242 8,18,1
940 3209 973 3218 —
995 3178 1029 3232 61
1054 3180 1160 3234 Arausio
1181 3180 1351 3249 promurale,
1379 3178 1490 3236 scilicet
1518 3178 1596 3236 urbis
1621 3176 1880 3249 Constantinopolis

441 3264 464 3330 6,
474 3265 499 3329 4,
508 3262 562 3318 69
578 3294 611 3304 -
624 3267 748 3332 66161.
760 3265 945 3333 6666666ιά661
960 3266 1166 3320 Postumianum
1178 3266 1316 3321 11661161.
1330 3266 1379 3331 1,3
1393 3296 1425 3306 ·-
1437 3283 1487 3336 per
1502 3265 1679 3321 Theodosias·
1692 3264 1881 3335 6661661666

439 3350 608 3405 rotomorum
624 3351 649 3415 6,
659 3350 683 3416 2,
692 3351 745 3421 26).
764 3380 796 3390 -
815 3350 898 3421 Legis
915 3352 952 3407 ad
969 3356 1096 3407 senatum
1115 3352 1199 3407 datae
1216 3352 1245 3405 in
1264 3354 1363 3407 senatu
1381 3351 1511 3408 recitatio
1530 3370 1593 3407 cum
1610 3352 1702 3407 locum
1720 3350 1879 3422 promulgo

440 3435 526 3492 116616
544 3436 684 3501 61116661,
706 3435 842 3491 eiusmodi
860 3438 936 3509 leges
958 3455 1012 3493 non
1030 3441 1231 3509 proponuntur.
1250 3468 1282 3479 —
1301 3438 1521 3495 Constitutiones
1538 3437 1659 3494 61166166
1677 3437 1713 3493 66
1730 3435 1880 3509 megisba·

440 3528 501 3580 tum
518 3541 581 3578 cum
599 3522 803 3594 subscriptione
820 3525 895 3579 nuda
912 3526 975 3579 16616
992 3525 1065 3581 infra
1083 3544 1110 3596 p.
1124 3526 1193 3580 CLV
1212 3526 1389 3582 ostendemus
1406 3529 1436 3582 et
1459 3524 1535 3597 ipsas
1551 3524 1709 3581 referendas
1727 3540 1788 3580 esse
1805 3523 1881 3579 inter

439 3627 494 3674 eas,
513 3627 585 3678 quae
603 3610 686 3666 datae
703 3613 769 3665 sunt
786 3611 822 3665 ad
840 3614 974 3667 senatum.

526 3712 621 3784 Longe
642 3712 764 3769 maxima
786 3732 850 3784 pars
872 3714 1104 3772 constitutionum
1121 3715 1229 3772 6116616
1252 3720 1295 3772 est
1317 3717 1355 3771 ad
1376 3715 1573 3786 magistratum
1591 3712 1715 3783 aliquem
1735 3729 1799 3770 eam
1817 3730 1879 3784 pro

438 3798 637 3869 mulgatumm.
677 3800 736 3855 Iam
759 3800 793 3855 66
815 3800 914 3857 barum
938 3801 1036 3857 diebus
1059 3800 1183 3870 locisque
1208 3803 1387 3859 tractandum
1410 3804 1453 3858 est
1477 3805 1508 3856 et
1532 3800 1716 3871 explicandae
1742 3800 1879 3856 formulae

440 3884 469 3939 in
492 3884 745 3954 subscriptionibus
766 3886 914 3944 sollemnes
938 3887 1147 3943 constitutionis
1172 3888 1525 3958 66166,66666166,166166
1548 3886 1625 3956 opud
1642 3890 1711 3954 6616,
1727 3883 1878 3956 praelator,

436 3972 598 4040 6666661166,
613 3977 734 4041 repertae.

524 4074 590 4130 Dies
608 4092 671 4130 cum
689 4075 757 4131 locis
775 4076 878 4131 661616
897 4076 1145 4133 constitutionibus
1163 4077 1278 4133 61166116
1295 4079 1331 4133 66
1349 4077 1546 4149 magistratum
1559 4076 1682 4145 aliquem
1696 4081 1814 4146 6666661
1831 4076 1879 4132 ad·

200 4150 422 4217 ιι(11109·”9909η
440 4163 531 4217 661611
553 4166 622 4226 tres,
645 4162 854 4219 constitutionis
876 4163 968 4228 datae,
987 4163 1198 4220 constitutionis
1215 4167 1358 4235 acceptae,
1376 4162 1587 4220 constitutionis
1604 4162 1774 4233 propositae.
1810 4162 1880 4219 066·

200 4223 355 4273 &neuma

200 4293 255 4343 dier
272 4300 296 4343 et
312 4291 362 4342 loci

440 4247 529 4303 iuncti
546 4253 602 4303 tres
614 4249 687 4317 quod
704 4249 791 4304 sciam
808 4266 862 4303 non
878 4248 1055 4319 reperiuntur
1068 4250 1123 4305 nisi
1142 4251 1170 4305 iu
1188 4250 1438 4307 constitutionibus
1455 4249 1622 4319 quibusdam
1630 4248 1826 4304 Valentiniani
1837 4250 1879 4305 111

439 4337 511 4404 (nov.
528 4335 570 4399 20,
580 4335 604 4388 2.
626 4336 667 4400 22,
679 4337 701 4390 1.
724 4335 815 4405 30,1);
839 4335 868 4389 111
891 4336 1084 4393 Theodosiano
1108 4337 1290 4393 enuntiantur
1314 4336 1504 4409 6616166611,
1527 4336 1558 4390 id
1580 4335 1654 4404 quod
1678 4336 1827 4407 praevalet
1849 4336 1879 4393 16

438 4421 649 4486 recentioribus,
667 4425 718 4476 aut
735 4421 794 4476 bini
813 4425 843 4477 et
860 4421 902 4477 ita
919 4422 1044 4491 quidem,
1062 4427 1094 4478 61
1112 4423 1172 4479 6166
1189 4424 1273 4479 datae
1290 4423 1362 4494 legis
1380 4423 1513 4494 iungatur
1531 4425 1583 4478 aut
1599 4439 1662 4477 cum
1679 4420 1726 4477 die
1742 4425 1880 4493 acceptae

439 4511 489 4563 aut
507 4526 570 4562 cum
582 4507 628 4563 die
640 4507 813 4577 propositam
833 4514 966 4579 acceptae
984 4513 1014 4564 et
1026 4510 1188 4580 propositae
1199 4528 1351 4579 numquam
1363 4509 1445 4564 simul
1461 4508 1648 4564 nominantur.
1677 4506 1739 4563 Duo
1751 4507 1812 4563 diss
1828 4508 1879 4565 ubi

439 4593 627 4657 enuntiantur,
647 4611 748 4648 annum
766 4594 939 4664 adscriptum
958 4595 1104 4665 posteriori
1123 4596 1192 4651 item
1211 4596 1350 4666 pertinere
1368 4596 1405 4650 ad
1423 4595 1543 4667 priorem
1561 4595 1602 4650 ibi
1619 4593 1736 4649 dubium
1753 4610 1809 4649 nou
1827 4599 1879 4660 est,

439 4677 577 4733 ubi‘anni
600 4679 674 4734 ratio
697 4681 726 4734 id
749 4680 889 4747 admittit;
912 4682 960 4735 nbi
982 4682 1140 4752 refragatur
1157 4682 1270 4751 diesque
1288 4682 1372 4738 datae
1390 4680 1600 4737 constitutionis
1622 4687 1652 4737 61
1676 4684 1812 4750 acceptae
1833 4682 1880 4738 vel

439 4766 599 4835 propositae
619 4766 667 4820 ubi
686 4766 814 4822 incidunt
833 4768 860 4821 16
879 4786 965 4822 annos
983 4768 1113 4831 diversos,
1131 4787 1220 4823 annus
1236 4768 1348 4838 utrique
1366 4767 1488 4823 adscribi
1501 4768 1606 4825 debuit
1636 4769 1675 4821 nt
1692 4768 1723 4822 iu
1740 4766 1878 4839 subscrip

530 4959 549 5024 ¹)
566 4962 607 5011 116
625 4961 762 5026 inscriptae
780 4969 840 5012 sunt
858 4963 927 5029 leges
945 4962 1019 5014 datas
1036 4980 1052 5013 a
1064 4964 1232 5014 constantino
1249 4980 1271 5014 6.
1282 4962 1333 5014 315
1345 4960 1472 5027 (6161),
1490 4964 1524 5015 ab
1537 4962 1651 5014 Honorio
1668 4959 1754 5015 6423
1767 4959 1878 5027 (1,6,11

440 5028 633 5162 6616θὲ66666),
650 5030 861 5082 616161111111666
880 5033 916 5082 111
935 5049 959 5082 a.
972 5030 1024 5082 450
1041 5032 1180 5095 (1166161.
1193 5033 1215 5098 1,
1225 5030 1265 5097 3),
1283 5033 1316 5083 ab
1334 5032 1472 5083 Ausetano
1489 5048 1513 5083 6.
1525 5030 1576 5083 516
1595 5029 1683 5098 (111161
1700 5032 1774 5101 epist
1787 5032 1878 5099 pontit.

458 5139 464 5162 i
529 5184 550 5243 ‘l
569 5186 626 5250 1666
644 5184 798 5252 subscriptio
816 5196 918 5239 66161116
935 5195 974 5238 661
992 5188 1018 5237 111
1036 5188 1139 5238 nouella
1158 5188 1331 5240 Valentiniani
1352 5185 1415 5246 131
1440 5195 1463 5237 61
1479 5204 1560 5237 6666116
1577 5186 1680 5238 dimna:
1702 5195 1821 5253 6616661666
1835 5203 1881 5240 666

440 5253 601 5320 felicissimos
619 5271 650 5304 uc
661 5254 857 5319 florentissimos
874 5257 1003 5321 6166161666
1026 5257 1214 5307 unrurnissirnos
1230 5275 1282 5323 per
1305 5256 1397 5308 66611166
1421 5273 1505 5307 aanor
1527 5257 1589 5308 16616
1611 5257 1706 5322 aulen,
1725 5256 1882 5309 6666166161

441 5342 541 5392 ordinis
555 5339 668 5406 p(utrer)
687 5339 855 5407 deriserunt).
878 5350 901 5393 61
919 5341 955 5392 66
973 5344 1054 5392 istm:
1070 5341 1192 5394 661111
1205 5360 1266 5395 noa.
1281 5341 1471 5395 navaliense
1487 5329 1514 5396 d.
1531 5329 1559 5395 61.
1577 5339 1759 5396 Vrbanam
1771 5344 1807 5398 Δ.
1824 5342 1882 5398 111

441 5420 464 5462 et
483 5411 580 5462 Arierw
598 5412 657 5464 111.
676 5428 757 5461 66666.
