4517 6125
953 598 988 609 -
1023 568 1090 625 XIII
1125 601 1159 611 -

421 723 631 780 Theodosianus
653 725 764 779 constat
788 742 821 779 ex
844 723 924 778 libris
947 724 1080 789 sedecim,
1105 724 1210 796 singuli
1233 725 1299 780 libri
1324 743 1358 782 er
1382 730 1458 782 certo
1481 743 1596 782 numero
1621 726 1777 792 titulorum,

332 809 434 866 titulus
456 828 489 864 ex
515 814 591 866 certo
613 828 726 865 numero
745 809 985 865 constitutionum.
1021 810 1111 866 Tituli
1135 812 1272 867 vocabulo
1298 816 1330 867 ut
1353 811 1413 882 ipse
1431 812 1519 868 'I'heo

332 896 426 954 dosins
443 895 548 968 passim
565 896 657 952 utitur
667 896 702 964 (l,
713 897 805 960 1,5-
816 897 839 960 1,
850 897 873 960 1,
884 897 900 950 6
911 927 943 935 -
954 900 1035 967 gesta
1053 915 1076 952 c.
1088 898 1106 951 4
1117 900 1189 966 cet),
1208 898 1250 953 ita
1267 897 1295 952 in
1314 898 1436 968 corporis
1449 900 1520 953 ordi·
1617 867 1700 919 'rimu
1718 874 1744 918 ⁰²

330 984 446 1040 natione
470 983 500 1038 id
516 1001 573 1039 non
589 982 730 1054 reperitur
748 987 814 1039 ante
832 982 958 1038 rubricas
981 981 1011 1036 in
1035 983 1094 1038 ullo
1113 1000 1146 1038 ex
1164 984 1266 1040 nostris
1288 984 1368 1039 libris
1388 985 1520 1055 TRVW3
1580 944 1777 1068 m'tuffom

330 1071 470 1141 reperitur
491 1069 520 1124 iu
543 1068 825 1140 superscriptionibus
848 1069 885 1123 ad
910 1086 986 1124 oram
1007 1068 1128 1140 paginae
1152 1070 1322 1140 superiorem
1341 1070 1476 1126 librorum
1497 1072 1552 1126 I'V
1571 1073 1601 1127 in
1624 1073 1674 1129 illo
1693 1075 1724 1138 Τ,
1748 1074 1778 1128 in

330 1157 384 1213 boc
404 1156 429 1211 B
446 1157 491 1224 (ε
503 1156 623 1224 mabrica)
640 1159 773 1224 sequente
791 1154 821 1208 in
839 1158 957 1224 utroque
975 1173 1096 1210 numero.
1128 1155 1267 1212 Breviarii
1285 1175 1394 1226 quoque
1414 1157 1480 1212 libri
1500 1160 1667 1215 vetustiores
1686 1161 1782 1214 ΗΡΜ

331 1242 425 1298 titulis
442 1259 571 1297 numeros
588 1240 661 1296 solos
676 1240 877 1310 praescribunt,
896 1239 950 1295 nisi
962 1241 1036 1309 quod
1055 1259 1109 1295 uno
1126 1242 1189 1296 Ioco
1207 1242 1256 1296 I.4
1274 1240 1318 1297 tit.
1333 1243 1374 1305 21,
1393 1243 1443 1298 ubi
1456 1244 1490 1297 H
1504 1249 1616 1314 praeter
1634 1250 1778 1301 consuetu-

331 1328 426 1384 dinem
447 1327 477 1382 in
493 1326 586 1383 medio
604 1344 685 1382 versu
703 1325 843 1381 rubricam
862 1324 977 1395 incipit.
1001 1325 1027 1381 ei
1049 1326 1230 1397 praescripsit
1248 1328 1281 1381 K
1295 1329 1341 1394 (=
1353 1328 1437 1396 kaput
1444 1328 1477 1396 t).
1497 1358 1529 1369 -
1547 1329 1664 1400 Singula
1682 1331 1778 1401 capita

331 1416 410 1471 dicta
432 1433 492 1472 esse
515 1414 720 1468 constitutiones
746 1412 862 1468 dubium
889 1415 1021 1475 nonest,
1048 1430 1219 1481 quamquam
1242 1415 1272 1467 in
1296 1413 1565 1484 praescriptionibus
1590 1415 1620 1470 id
1642 1435 1778 1486 nusquam

331 1500 444 1571 legitur.
481 1500 538 1556 Lex
555 1498 784 1569 Burgundionum
802 1497 928 1553 Romana
947 1497 995 1553 ubi
1015 1498 1239 1554 Theodosianum
1258 1499 1342 1565 citet,
1367 1500 1463 1571 capita
1482 1505 1653 1565 constanter,
1676 1507 1708 1558 ut
1730 1520 1779 1557 nos

332 1585 537 1651 consuevimus,
560 1587 629 1656 leges
651 1585 789 1655 appellat,
808 1603 872 1639 cum
894 1584 924 1638 in
942 1584 1113 1656 Gregoriano
1132 1588 1161 1640 et
1179 1585 1403 1657 Hermogeniano
1422 1586 1543 1641 citandis
1560 1588 1779 1642 corstitutionum

332 1672 500 1728 vocabulum
519 1671 683 1742 praevaleat
702 1672 820 1739 (14,1,7
839 1671 872 1725 ci.
891 1670 915 1734 3,
928 1672 964 1733 2).

418 1774 524 1831 'I'Itnlis
540 1775 648 1830 numeri
661 1774 709 1830 vix
726 1774 893 1846 praescripti
911 1776 1024 1831 fuerunt
1042 1774 1070 1829 in
1084 1775 1251 1846 archetyp03
1269 1794 1335 1830 nam
1353 1775 1439 1832 codex
1455 1775 1537 1830 Veos
1553 1795 1680 1833 numeros
1692 1778 1780 1834 habet

332 1862 362 1917 in
380 1862 487 1917 LXIII.
505 1861 595 1915 XIIII.
613 1861 664 1915 XV
683 1861 720 1916 ab
739 1861 916 1916 emendatore
940 1860 1078 1926 adiectos,
1101 1861 1130 1914 in
1147 1861 1243 1915 LXVI
1262 1862 1354 1916 nullos
1372 1865 1402 1916 et
1419 1862 1519 1917 desunt
1542 1861 1629 1918 etiam
1650 1862 1697 1918 hic
1718 1863 1779 1919 illic

332 1949 362 2003 in
377 1949 420 2002 IV.
456 1946 648 2003 (Iromaticum
666 1964 766 2016 corpus
783 1949 820 2017 (p.
832 1947 896 2015 267)
913 1945 986 2002 citat
1005 1964 1039 2003 ex
1056 1947 1171 2001 samario
1188 1947 1254 2000 Ichro
1270 1948 1348 2001 titulo
1368 1947 1466 2013 finium
1482 1948 1671 2017 regundorum.
1708 1951 1780 2006 Item

332 2037 377 2092 lex
395 2036 522 2090 Romans
538 2033 766 2105 Burgundionum
785 2032 813 2086 in
835 2032 1000 2103 adlegandis
1020 2033 1208 2089 Theodosiani
1227 2033 1321 2089 titulis
1340 2034 1503 2104 plerumque
1526 2035 1667 2090 rubricam
1689 2036 1779 2107 ponit,

332 2139 387 2176 uno
404 2120 464 2175 solo
481 2121 544 2176 loco
561 2121 597 2188 (1,
609 2120 637 2187 3)
659 2137 811 2175 numerum.
846 2119 869 2172 Ε
890 2118 1029 2174 contrario
1051 2118 1159 2174 numeri
1183 2124 1343 2175 constanter
1360 2120 1529 2191 praescripti
1552 2126 1617 2177 sunt
1640 2121 1669 2177 in
1688 2122 1714 2175 V
1730 2140 1780 2192 per

332 2204 609 2261 librosVIIlI-XII
633 2222 651 2259 a
671 2221 755 2259 mauu
780 2203 872 2274 prima
897 2207 926 2259 et
949 2203 1049 2259 ubiubi
1074 2204 1177 2260 adsunt
1200 2205 1229 2258 in
1250 2204 1310 2259 BT.
1347 2204 1470 2260 Theudis
1494 2222 1543 2261 rex
1556 2205 1779 2278 Wisigothorum

332 2291 424 2362 legem
441 2308 520 2345 suam
538 2290 573 2345 de
590 2290 685 2344 litium
703 2289 830 2360 expensis
848 2288 932 2343 inseri
951 2289 1030 2345 iubet
1047 2289 1130 2344 huius
1149 2289 1221 2361 legis
1241 2291 1308 2343 libro
1325 2295 1420 2358 essarto
1434 2290 1484 2344 sub
1500 2292 1576 2344 titulo
1595 2291 1676 2346 XVI.

420 2391 641 2450 Constitutiones
658 2410 709 2463 per
720 2391 818 2446 titulos
836 2409 891 2446 non
909 2395 1091 2448 numerantur
1108 2391 1138 2445 in
1152 2392 1186 2455 R,
1207 2396 1389 2447 numerantur
1408 2392 1437 2446 in
1452 2392 1668 2462 Wplcrumque,
1686 2393 1715 2448 in
1732 2393 1778 2447 Vs

332 2485 362 2536 et
377 2478 621 2535 Balberstadicnsi
643 2478 810 2533 constanter.
846 2479 885 2531 st
902 2476 1006 2533 afuisse
1024 2494 1071 2532 eos
1091 2496 1220 2532 numeros
1245 2478 1282 2533 ab
1305 2478 1459 2547 exemplari
1478 2478 1666 2535 Theodosiani
1688 2497 1706 2534 a
1724 2497 1779 2548 quo

332 2567 437 2636 pendet
455 2564 584 2630 codexV,
605 2564 669 2619 iude
687 2563 844 2634 colligitur,
863 2563 938 2631 quod
956 2563 1006 2619 ubi
1023 2562 1048 2617 is
1066 2563 1129 2618 hiat
1148 2568 1191 2629 (ut
1211 2565 1329 2628 14,11,2
1348 2568 1378 2621 et
1398 2565 1437 2628 16,
1447 2565 1472 2629 4,
1483 2567 1509 2633 6)
1528 2565 1635 2621 numeri
1652 2565 1780 2621 hiatibus

332 2650 433 2707 celatis
451 2650 661 2712 continuantur;
683 2648 752 2704 item
769 2649 805 2704 ab
823 2665 871 2712 eo,
893 2648 930 2703 ad
947 2648 1022 2717 quod
1040 2648 1085 2704 lex
1104 2649 1229 2703 Romana
1247 2649 1475 2720 Burgundionum
1494 2651 1614 2707 formata
1632 2656 1689 2717 est,
1715 2651 1779 2708 inde

332 2736 518 2809 intellegitur,
536 2735 612 2806 quod
629 2735 659 2789 in
677 2734 771 2804 capite
788 2733 902 2790 citando
913 2733 953 2802 (id
966 2735 1041 2803 quod
1053 2734 1216 2791 enuntiatur
1230 2739 1390 2791 constanter
1403 2754 1490 2806 usque
1508 2737 1545 2792 ad
1563 2737 1608 2793 tit.
1620 2738 1660 2803 14,
1680 2741 1779 2808 postea

332 2822 417 2879 semel
435 2826 547 2878 tantum
558 2823 600 2886 22,
612 2823 640 2890 6)
658 2821 748 2877 utitur
764 2820 925 2875 nominibus
943 2820 1200 2889 imperatorumve]
1220 2820 1446 2891 magistratuum.
1477 2824 1576 2893 Itaque
1588 2823 1706 2878 dubium
1724 2841 1779 2877 non

332 2910 377 2961 est
393 2923 440 2962 eos
458 2924 586 2963 numeros
604 2925 621 2962 a
633 2906 758 2962 librariis
770 2906 916 2978 proficisci.
943 2906 1098 2962 Secundum
1112 2924 1240 2964 numeros
1254 2907 1469 2965 constitutiones
1484 2909 1608 2965 citantur
1623 2908 1653 2963 in
1665 2908 1779 2964 scholiis

332 2993 480 3049 Sinaiticis
492 2996 564 3063 (cit
583 2994 614 3048 ἐν
631 2996 670 3066 τῷ
686 2989 713 3064 γ’
730 2993 822 3064 βιβλίῳ
840 2994 890 3046 τοῦ
901 2993 1083 3046 Θεοδοσιανοῦ
1100 2992 1214 3069 κῴδικος
1233 2993 1310 3065 strip
1329 2991 1361 3047 ιε’
1378 2994 1396 3064 ἡ
1414 2990 1446 3048 ιε’
1466 2997 1513 3047 rori
1530 2993 1621 3048 τίτλον
1639 2994 1777 3065 διάταξις).

419 3097 552 3155 Ordinem
567 3116 666 3164 rerum,
684 3098 836 3155 secuudum
848 3114 931 3166 quem
949 3096 1164 3153 constitutiones
1176 3097 1329 3168 dispositae
1347 3103 1420 3163 sunt,
1439 3098 1538 3154 tabula
1555 3099 1682 3154 declarat
1693 3116 1778 3168 quam

332 3182 449 3237 subieci.
480 3184 573 3240 Prim0
591 3185 687 3241 ordine
705 3184 741 3239 ad
759 3184 846 3239 libros
862 3184 975 3237 I-IIII
994 3183 1139 3254 adscripta
1156 3188 1221 3239 sunt
1239 3201 1311 3252 quae
1329 3183 1448 3239 rubricis
1462 3184 1651 3241 Theodosiani
1669 3201 1779 3254 respou-

333 3268 402 3323 dent
419 3269 517 3339 capita
534 3270 621 3327 edicti
639 3269 776 3341 praetoris
793 3270 904 3334 urbani,
922 3270 997 3338 quod
1014 3269 1071 3337 iarn
1082 3270 1218 3324 hahemus
1231 3269 1435 3339 quodammodo
1446 3269 1602 3326 redivivum
1619 3269 1649 3324 in
1665 3268 1779 3340 egregio

332 3370 417 3423 opere
429 3354 545 3421 Lenelii,
563 3357 599 3411 ad
612 3356 777 3412 heuelianos
795 3356 894 3411 titulos
912 3355 1072 3426 capitaque.
1103 3355 1244 3411 Secundus
1262 3356 1328 3411 ordo
1346 3357 1389 3410 vel
1409 3355 1473 3412 inde
1491 3375 1509 3411 a
1526 3357 1545 3410 l.
1556 3357 1581 3411 V
1594 3356 1701 3426 primus
1718 3373 1780 3411 con-

333 3439 498 3497 stitutiones
514 3442 622 3498 indicat
636 3460 671 3498 ex
684 3441 854 3513 Gregoriauo
872 3441 959 3508 (edito
981 3441 1080 3511 opinor
1097 3460 1122 3497 a.
1136 3443 1198 3508 295)
1216 3443 1369 3497 translatas
1385 3441 1413 3495 in
1430 3442 1623 3507 lastinianum,
1641 3446 1780 3511 quatenus

333 3526 467 3597 leguntur
479 3526 521 3583 ibi
533 3529 584 3583 sub
597 3528 715 3584 rubricis
727 3546 799 3598 qnae
812 3527 1013 3583 Theodosianis
1024 3528 1201 3597 respondent.
1234 3528 1307 3583 Ordo
1320 3527 1369 3597 qui
1381 3528 1515 3598 sequitur,
1530 3528 1567 3583 ad
1578 3546 1662 3598 quem
1678 3527 1782 3596 reliqui

334 3611 459 3668 ordinati
471 3618 544 3679 sunt,
561 3613 643 3669 nobis
655 3618 698 3670 est
710 3613 866 3686 primarius,
885 3613 996 3670 scilicet
1007 3613 1143 3669 exhibens
1156 3613 1343 3670 Theodosiani
1355 3614 1480 3670 rubricas
1492 3613 1540 3668 hic
1552 3612 1613 3668 illic
1627 3612 1779 3669 breviatas·

333 3699 483 3755 Extremus
501 3698 621 3769 denique
638 3704 832 3771 repraesentat
842 3698 969 3755 rubricas
981 3698 1130 3755 Iustiniani
1148 3700 1276 3756 redactas
1289 3700 1326 3754 ad
1338 3699 1525 3755 Theodosiani
1537 3699 1673 3763 ordinem;
1694 3699 1781 3755 verba

334 3784 384 3840 ubi
401 3784 542 3850 differrmt,
560 3786 672 3857 potiora
688 3785 881 3851 indicavimus,
899 3784 1015 3854 reliquis
1027 3789 1124 3841 notam
1137 3785 1318 3856 apposuimus
1331 3785 1537 3857 significantem
1553 3803 1587 3842 ea
1604 3786 1702 3842 eadem
1720 3803 1779 3840 esse

335 3869 381 3927 vel
399 3869 455 3926 fere
474 3871 579 3926 eadam.

382 4252 547 4308 EDICTVM
632 4252 893 4310 GREGOBIANVS
997 4250 1276 4307 THEODOSIANVS
1357 4303 1361 4311 ,
1457 4247 1695 4303 IVSTINIANVS

787 4385 1035 4443 THEODOSIANI
1059 4385 1167 4440 LIBER
1188 4384 1325 4440 PRIMVS

912 4510 916 4610 l
947 4506 1014 4562 lde
1050 4504 1299 4561 constitutionibus
1368 4506 1435 4569 1‚14
1453 4506 1487 4561 de
1506 4504 1617 4576 legibus
1635 4508 1664 4560 et
1679 4503 1781 4559 consti-

981 4592 1139 4663 principum
1158 4595 1188 4648 et
1205 4591 1305 4649 edictis
1417 4589 1575 4647 tutionibus
1620 4588 1780 4660 principum

1419 4683 1449 4734 et
1466 4676 1567 4734 edictis

620 4770 688 4824 Iust.
702 4769 845 4834 1,19,1-
947 4770 963 4822 2
982 4768 1016 4822 de
1034 4763 1151 4819 diversis
1169 4764 1313 4835 rescriptis
1369 4765 1391 4829 l,
1402 4762 1436 4817 23
1454 4763 1489 4818 de
1501 4760 1618 4817 diversis
1635 4761 1781 4831 rescriptis

657 4854 800 4923 1,21,1(1)
812 4885 844 4893 -
1420 4851 1449 4904 et
1461 4846 1646 4919 pragmaticis
1660 4846 1780 4902 sanctio-

657 4942 680 5005 1,
689 4942 731 5006 22,
742 4941 831 4995 1.2-
1420 4933 1502 4988 nibus

658 5026 732 5092 1,23,
745 5025 812 5080 1-3

949 5108 1171 5165 3demandatis
1185 5107 1343 5179 principum
1371 5106 1438 5169 1,15
1456 5129 1489 5151 =

949 5196 1018 5251 4de
1053 5193 1192 5265 responsis
1226 5195 1343 5264 pruden·
1371 5191 1438 5258 1,17
1457 5192 1491 5245 dc
1516 5189 1604 5247 veteri
1631 5188 1690 5243 iure
1717 5206 1781 5245 euu-

985 5280 1057 5336 tium
1422 5277 1538 5332 clsaudo
1560 5280 1590 5332 et
1611 5273 1782 5330 auctoritate

1422 5362 1491 5418 iuris
1509 5361 1688 5433 prudentium
1706 5366 1752 5416 cet.
