4517 6125
986 598 1019 610 ·-
1054 563 1210 625 LXXXVII
1245 595 1279 610 -

404 727 513 794 4,12,2
529 723 661 784 librarius
678 722 939 798 interpretationem
956 726 1044 781 solam
1062 725 1157 797 posuit
1176 730 1255 783 textu
1271 726 1392 794 omisso),
1410 723 1591 783 nihilominus
1608 722 1723 798 propius
1741 721 1852 783 accedit

405 817 444 871 ad
463 814 688 872 Theodosianum
710 813 851 885 integrum
868 830 953 882 quam
975 814 1012 868 ad
1035 813 1212 870 breviarium.
1247 814 1345 884 Neque
1368 817 1462 871 tamen
1484 813 1566 869 illum
1585 813 1725 885 integrum
1742 821 1851 883 reprae-

404 905 514 965 sentem
536 918 602 957 nam
619 901 649 955 in
666 900 745 957 tituli
764 900 798 956 de
816 903 930 956 senatus
947 900 1075 955 consulto
1092 900 1247 956 Claudiano
1265 901 1355 970 (412)
1375 904 1456 971 parte
1473 918 1515 965 ea,
1533 919 1618 970 quam
1636 901 1748 971 plenam
1767 901 1851 956 habe·

405 1007 471 1042 mus
488 988 519 1042 in
535 986 631 1043 codice
647 988 676 1052 Τ,
695 988 798 1042 adsunt
811 985 1027 1042 constitutiones
1043 986 1114 1042 duae
1130 988 1155 1051 4,
1165 987 1204 1053 12,
1214 989 1232 1042 4
1244 991 1273 1042 et
1285 989 1301 1042 5
1313 987 1342 1042 in
1354 991 1450 1043 nostra
1466 988 1574 1058 sylloge
1588 986 1754 1043 deficientes.
1782 987 1851 1042 Cum

405 1073 548 1129 breviario
569 1072 619 1128 ubi
641 1073 807 1129 conferimus
824 1090 897 1142 quae
921 1072 965 1126 his
987 1072 1064 1127 foliis
1087 1072 1279 1139 continentur,
1303 1073 1404 1129 titulus
1429 1073 1463 1128 de
1487 1078 1600 1129 senatus
1622 1073 1749 1128 consulto
1772 1072 1851 1128 Clau-

405 1160 493 1216 diano
516 1179 534 1216 a
552 1159 690 1215 breviario
708 1160 800 1223 abest;
823 1158 852 1213 in
870 1158 939 1215 folio
962 1159 1052 1215 altero
1070 1176 1142 1228 quae
1164 1163 1240 1225 sunt,
1264 1159 1420 1230 composita
1438 1177 1501 1214 curn
1523 1158 1558 1213 iis
1575 1176 1648 1229 quae
1666 1157 1695 1212 in
1713 1158 1851 1214 breviario

403 1247 590 1317 respondent:

718 1316 794 1387 [orm
806 1316 885 1370 Vlll:
905 1316 939 1370 de
957 1313 1069 1369 liberali
1088 1315 1182 1385 causa]

822 1404 847 1470 4,
856 1401 908 1466 8,8
926 1403 1009 1472 Vnt.¹)
1026 1402 1115 1471 (oudo
1132 1409 1197 1457 recte
1214 1402 1252 1456 ad
1268 1403 1342 1458 lianc
1359 1402 1468 1457 titulum
1484 1401 1630 1470 sesamae)

721 1577 797 1646 [brea
811 1488 907 1631 {iiiiii
924 1489 1021 1632 demitis
1038 1574 1088 1645 qui
1106 1593 1123 1631 a
1141 1594 1196 1633 non
1214 1576 1326 1632 domino
1344 1576 1507 1632 manumissi
1526 1575 1601 1646 sunt]

724 1750 781 1804 Vct.
794 1663 907 1816 liiiliill,
924 1663 1060 1804 irriiile:
1079 1749 1113 1806 dc
1132 1750 1242 1806 libertis
1259 1753 1289 1805 et
1307 1767 1401 1805 comm
1420 1749 1517 1805 liberis

811 1836 921 1905 [4,10,l
942 1836 1018 1905 breul

819 1923 922 1987 4,10,a
941 1922 999 1976 Vnt.

820 2009 925 2074 4,10,3
944 2007 1003 2063 Vct.

718 2093 947 2165 Vat[xxx]v1:
966 2094 1000 2149 de
1018 2094 1095 2166 longi
1114 2095 1249 2166 temporis
1266 2095 1486 2166 praescriptione

819 2183 844 2246 4,
857 2182 922 2245 ll,l
942 2181 1000 2236 Vat.

818 2268 922 2333 4,11,a
941 2267 1001 2322 Vct.

404 2371 554 2427 declarant
571 2375 636 2442 post
652 2373 677 2436 4,
688 2371 713 2434 8,
723 2371 750 2438 8,
773 2389 858 2440 quam
879 2371 1026 2442 probabile
1049 2375 1092 2427 est
1114 2372 1206 2426 locum
1230 2371 1361 2427 habuisse
1386 2372 1415 2425 in
1440 2371 1526 2427 titulo
1547 2371 1592 2426 ‘dc
1614 2371 1727 2427 liberali
1750 2373 1850 2439 causa‘,

405 2459 526 2514 deiicere
548 2458 577 2512 in
599 2457 666 2513 solio
688 2463 782 2513 nostro
805 2459 882 2529 leges
906 2459 975 2513 duas
996 2458 1027 2512 in
1049 2458 1220 2513 breviarium
1245 2463 1373 2529 receptas
1398 2458 1520 2513 eiusdem
1544 2457 1623 2513 tituli
1647 2463 1799 2514 extremam
1821 2463 1851 2515 et

405 2544 552 2614 sequentis
568 2544 612 2599 ‘de
634 2544 679 2599 his
697 2543 853 2613 quianon
871 2543 983 2599 domiuo
1001 2544 1163 2598 manumissi
1181 2544 1256 2599 sunt'
1275 2543 1398 2606 unicam;
1421 2543 1501 2599 tituli
1519 2543 1660 2612 sequentis
1677 2543 1722 2600 ‘de
1739 2543 1849 2600 libertis

404 2634 436 2687 et
459 2647 554 2686 eorum
576 2630 683 2686 liberis¹
699 2631 796 2686 abesse
817 2630 909 2701 legem
931 2631 1050 2701 primam
1069 2632 1098 2686 iu
1117 2630 1287 2687 breviarium
1304 2631 1436 2695 relatam,
1460 2629 1557 2686 adesse
1579 2630 1597 2683 l.
1615 2629 1668 2684 2.ss
1693 2629 1722 2684 iu
1745 2629 1774 2684 id
1796 2647 1851 2685 non

404 2721 548 2787 receptam
566 2716 645 2786 sequi
662 2715 778 2772 titulum
793 2717 838 2771 ‘de
851 2717 929 2788 longi
945 2718 1079 2788 temporis
1091 2717 1322 2788 praescriptione'
1333 2717 1361 2771 in
1375 2716 1514 2773 breviario
1526 2716 1664 2772 omissum
1696 2716 1727 2770 In
1744 2734 1851 2771 summa

405 2801 497 2872 igitur
508 2803 585 2873 leges
601 2801 630 2857 in
643 2802 811 2858 breviarium
828 2803 935 2859 relatae
952 2804 1054 2859 absunt
1072 2805 1108 2858 ab
1127 2804 1171 2858 his
1189 2803 1264 2858 foliis
1282 2820 1376 2858 omnes
1394 2806 1423 2858 ct
1441 2803 1557 2874 sylloge,
1575 2820 1609 2857 ex
1620 2820 1677 2872 qua
1695 2802 1765 2858 baec
1782 2801 1851 2856 folia

404 2892 565 2958 supersunt,
583 2906 637 2943 nou
656 2892 742 2960 auget
759 2888 927 2944 breviarium
947 2889 1059 2946 insertis
1077 2890 1103 2945 ei
1122 2908 1156 2946 ex
1175 2890 1285 2961 integro
1304 2907 1417 2960 corpore
1433 2888 1689 2957 constitutionibus,
1707 2889 1756 2944 sed
1774 2889 1851 2958 leges

405 2974 596 3031 Theodosiani
614 2975 718 3047 integri
737 2975 765 3030 in
783 2975 922 3032 breviario
941 2978 1056 3032 omissas
1073 2981 1185 3032 tantum
1202 2995 1257 3031 non
1276 2994 1369 3032 omues
1387 2994 1449 3031 cum
1467 2974 1554 3031 simili
1570 2974 1802 3046 interpretatione
1815 2976 1851 3030 ad

405 3060 580 3118 breviarium
598 3061 738 3118 addit-
756 3063 810 3127 Qui
828 3064 998 3121 contendunt
1017 3064 1082 3119 hinc
1100 3064 1275 3134 comprobari
1294 3063 1446 3133 aliquando
1464 3063 1689 3120 Theodosianum
1710 3064 1851 3135 integrum

404 3147 669 3218 interpretationem
691 3148 817 3204 Amanae
841 3148 960 3204 similem
984 3149 1114 3206 habuisse
1138 3149 1256 3219 indeque
1279 3153 1309 3204 et
1331 3166 1394 3205 cam
1416 3150 1536 3220 pendere
1559 3168 1644 3220 quam
1666 3150 1801 3205 babemus
1823 3152 1853 3205 et

405 3234 509 3289 harum
526 3233 708 3302 reliquiarum
725 3233 852 3300 similem,
878 3253 933 3291 nou
958 3235 1038 3291 video
1057 3236 1195 3306 quomodo
1214 3236 1356 3306 explicent
1378 3235 1511 3291 breviarii
1529 3235 1743 3291 constitutiones
1760 3235 1853 3290 nullas

404 3320 436 3374 in
447 3320 503 3375 hac
515 3318 640 3389 reperiri.
653 3351 685 3361 -
699 3321 809 3376 'Iltulos
822 3323 959 3389 quomodo
972 3322 1087 3377 huiusce
1099 3323 1229 3394 syllogae
1241 3322 1408 3392 compilatos
1426 3321 1586 3385 numerarit,
1605 3338 1703 3391 pamm
1721 3325 1852 3391 apparet;

404 3424 536 3461 numeros
555 3404 658 3460 XXXV
677 3411 706 3462 et
724 3406 864 3478 [XXXlVI
882 3407 948 3463 libri
962 3407 1094 3463 Vaticani
1117 3408 1186 3463 item
1207 3408 1292 3464 fnisse
1315 3408 1343 3463 in
1368 3408 1478 3479 integro
1496 3408 1688 3464 Theodosiano
1705 3408 1852 3477 quominus

404 3497 574 3559 statuamus,
594 3493 709 3549 obstant
725 3494 840 3561 numeri,
859 3513 929 3565 quos
947 3495 1051 3550 codicis
1066 3496 1091 3549 Τ
1104 3495 1242 3564 reliquiae
1260 3497 1297 3551 ad
1318 3494 1442 3561 4,13.14
1459 3495 1573 3550 babent.

496 3612 544 3669 XI.
571 3614 597 3679 4,
645 3614 689 3678 ,2.
1869 3617 1974 3678 420,2

493 3699 572 3756 Libri
589 3614 793 3758 42iionstitutio
815 3708 847 3758 ut
870 3722 943 3758 nunc
967 3706 1128 3758 numeratur
1154 3702 1224 3767 20,2
1248 3701 1284 3756 ad
1310 3700 1434 3757 codicem
1451 3700 1621 3757 Vaticanum
1644 3701 1759 3772 reginae
1784 3703 1851 3757 1128
1887 3653 1895 3679 r

403 3790 445 3857 (p.
461 3786 575 3857 LXXX)
598 3786 628 3843 in
651 3788 704 3843 fine
729 3789 873 3861 adscripta
898 3794 941 3846 est
966 3808 1028 3846 curn
1051 3788 1225 3860 praescripto
1249 3788 1292 3842 ‘ex
1317 3804 1431 3858 corpore
1455 3787 1648 3843 'l'heodosiano
1672 3788 1773 3843 librum
1800 3789 1852 3843 sub

403 3873 493 3929 titulo
511 3872 645 3928 XXVIIII
665 3876 831 3933 constitutio
849 3878 944 3933 sexta’.
980 3876 1099 3939 Quinam
1118 3874 1192 3930 liber
1209 3874 1399 3945 intellegatur,
1419 3874 1534 3929 dubium
1552 3879 1602 3931 cst.

494 3985 557 4040 XII.
585 3986 601 4039 6
619 3988 692 4042 rubr.
708 3989 730 4041 l.
742 3988 767 4041 2.
1868 3991 1892 4052 6,
1903 3990 1952 4038 12

493 4073 572 4129 Sexti
590 4072 657 4129 libri
674 4074 786 4130 rubrica
803 4077 924 4130 secunda
941 4075 972 4129 dc
988 4076 1124 4130 senatoria
1142 4074 1272 4145 dipacati
1289 4073 1318 4128 in
1336 4071 1476 4129 breviario
1494 4072 1597 4128 ommsa
1615 4075 1702 4141 adest,
1721 4079 1851 4145 utsupra

404 4178 435 4229 p.
447 4158 591 4215 LXXXIV
609 4160 829 4225 observavimus,
856 4162 885 4216 in
906 4162 980 4216 libro
997 4161 1181 4217 Ambrosiano
1200 4160 1383 4229 videnturque
1407 4159 1435 4212 in
1454 4176 1486 4214 eo
1509 4160 1630 4216 adfuisse
1649 4178 1705 4216 nna
1721 4161 1850 4231 pluresve

407 4245 627 4303 constitutiones
644 4247 673 4301 in
691 4246 813 4317 reliquos
830 4248 962 4304 breviarii
981 4248 1067 4304 libros
1085 4266 1140 4303 uon
1158 4248 1278 4311 relatac;
1296 4247 1344 4302 sed
1362 4246 1448 4302 codex
1466 4246 1582 4301 mutilus
1600 4264 1633 4301 eo
1652 4265 1705 4302 non
1724 4248 1852 4317 pervenit

403 4350 497 4402 neque
515 4336 595 4388 extat
613 4332 714 4389 similis
731 4334 810 4390 alter.

494 4446 570 4501 XIII.
599 4447 639 4511 14,
649 4446 702 4510 *tt
721 4446 855 4517 (Haencl).
1866 4455 1906 4513 14,
1918 4453 1966 4514 7,2

495 4532 731 4589 Constitutionem
754 4534 861 4604 pariter
882 4538 968 4603 atque
986 4534 1088 4598 3,18‚2
1107 4533 1259 4602 (Haenclii)
1281 4532 1309 4587 in
1333 4533 1392 4587 solo
1414 4531 1487 4587 libro
1504 4532 1531 4586 L
1552 4530 1695 4587 inventam
1718 4529 1851 4586 insertam

404 4618 494 4674 titulo
511 4618 547 4674 de
564 4618 725 4691 collegiatis
742 4620 833 4689 (141)
856 4620 914 4675 dixi
932 4638 958 4690 p.
974 4620 1117 4675 LXXVIII
1135 4623 1275 4689 sumptam
1297 4636 1356 4674 esse
1374 4636 1407 4675 ex
1426 4617 1658 4688 interpretatione
1676 4618 1849 4673 novellarum

405 4704 567 4761 Theodosii

495 4808 568 4865 xlv.
595 4807 656 4864 Lib.
670 4809 703 4864 16
720 4807 757 4863 ad
775 4809 852 4864 codd.
868 4808 1013 4863 AEOYD
1030 4812 1059 4865 ct
1079 4809 1165 4864 Paris.
1180 4810 1273 4864 10743.
1866 4813 1884 4863 1.
1898 4816 1928 4865 16

494 4895 611 4949 Librum
629 4893 816 4951 Theodosiani
834 4895 899 4949 XVI
922 4896 982 4951 fuse
1005 4899 1175 4951 tractantem
1199 4896 1234 4952 dc
1259 4896 1341 4952 rebus
1363 4893 1564 4952 ecclesiasticis
1582 4894 1611 4949 in
1629 4893 1691 4965 ipso
1709 4893 1849 4949 breviario

406 4998 498 5051 neque
520 4986 606 5050 atque
629 4981 659 5035 in
680 4980 796 5051 reliquis
813 4982 920 5036 factum
943 4985 986 5037 est
1010 4982 1235 5051 compendiatum
1259 4982 1367 5038 librarii
1390 4983 1434 5037 vel
1457 4981 1551 5052 potius
1574 4999 1667 5038 eorum
1693 4985 1849 5052 temporum

406 5067 560 5139 prodentes
577 5069 714 5123 auxerunt
731 5067 842 5123 diversa
858 5067 974 5132 ratione,
993 5067 1035 5123 ita
1053 5071 1155 5133 tamen,
1175 5072 1208 5123 ut
1225 5070 1254 5122 in
1272 5069 1400 5124 omnibus
1417 5067 1587 5124 breviarium
1605 5085 1656 5138 pro
1667 5068 1848 5122 fundamento

406 5154 453 5209 sit
491 5153 532 5208 llx
550 5154 756 5225 exemplaribus
778 5154 814 5208 iis
832 5153 886 5209 duo
909 5157 974 5208 sunt
991 5171 1075 5224 supra
1092 5154 1224 5210 recensiti
1244 5155 1318 5211 inter
1336 5155 1445 5210 codices
1463 5154 1596 5210 breviarii
1614 5153 1728 5226 integri,
1751 5155 1851 5225 Epore-

407 5240 512 5295 diensis
522 5242 555 5298 Ε
569 5243 600 5295 et
611 5239 775 5295 &oniensis
789 5238 819 5293 0.
851 5238 963 5295 Tertius
976 5238 1174 5294 Ambrosianus
1192 5239 1221 5294 G.
1234 5241 1268 5294 29
1280 5238 1329 5294 inf.
1344 5263 1375 5286 =
1389 5241 1423 5305 A,
1441 5239 1475 5294 de
1491 5256 1547 5307 qno
1565 5238 1634 5294 item
1652 5239 1767 5310 egimus,
1787 5257 1850 5294 cum

490 5399 513 5470 ¹)
529 5400 622 5455 Xtrore
639 5399 701 5453 huic
718 5398 769 5467 legi
786 5400 914 5453 Conratus
931 5400 969 5452 ait
987 5399 1127 5467 praescribi
1145 5399 1173 5451 in
1191 5399 1277 5452 codice
1296 5400 1400 5452 titulum
1419 5399 1450 5451 dc
1468 5398 1568 5451 liberali
1586 5414 1673 5452 musa.
1779 5439 1781 5443 .
