4517 6125
1104 546 1296 611 -xn-

477 705 552 769 solus
569 707 655 770 codex
674 711 701 767 T
713 711 765 767 sic:
787 700 876 767 Theo-d
892 712 1112 767 miuneham
1130 711 1173 765 hh.
1189 711 1274 778 XVI,
1298 708 1474 766 subscribens
1492 712 1639 780 praeterea
1657 701 1744 765 indici
1763 700 1923 766 titulorumt

477 801 551 855 tituli
568 801 628 855 diui
646 800 709 867 (sic)
724 799 914 867 Theodosiani,
933 800 1008 868 quod
1024 798 1074 869 qui
1092 797 1213 868 scripsit,
1232 801 1375 852 auctorem
1394 797 1517 867 corporis
1534 796 1650 867 putavit
1669 813 1724 851 non
1737 795 1925 852 Theodosium

479 907 546 953 esse,
565 888 613 945 sed
625 884 860 942 Theodosianum.
890 883 1015 955 Singulis
1026 881 1108 938 libris
1126 882 1236 938 codices
1254 885 1305 937 aut
1322 883 1412 938 solum
1430 900 1575 938 numerum
1591 882 1777 948 subscribunt,
1796 886 1829 938 ut
1845 883 1878 939 fit
1895 883 1925 938 in

479 975 575 1031 codice
587 974 622 1038 R,
641 973 709 1028 item
722 972 752 1026 iu
764 973 818 1027 fine
831 971 1003 1040 quorundam
1016 970 1151 1024 librorum
1164 968 1193 1022 in
1205 967 1301 1023 codice
1317 968 1347 1036 V,
1366 972 1416 1024 aut
1429 968 1552 1024 adicitur
1563 986 1647 1023 mum
1661 968 1829 1024 vocabulum
1843 969 1925 1023 Theo-

399 1116 403 1123 ,
478 1060 592 1126 daciani
610 1062 643 1114 ut
654 1060 760 1114 factum
773 1062 817 1113 est
829 1057 858 1111 in
871 1056 967 1112 codice
981 1055 1051 1109 Tad
1062 1055 1145 1111 finem
1158 1054 1292 1110 librorum
1304 1057 1441 1125 (excepto,
1459 1056 1493 1109 ut
1505 1053 1611 1109 dictum
1627 1057 1677 1120 est,
1695 1057 1838 1123 extremo),
1848 1055 1926 1111 'item

478 1145 509 1200 in
522 1144 617 1201 codice
629 1144 653 1198 V
669 1143 698 1198 in
709 1144 763 1200 tine
778 1143 912 1198 librorum
924 1140 1106 1210 quomndam.
1136 1139 1261 1209 Denique
1278 1139 1307 1193 in
1319 1139 1456 1195 Breviarii
1474 1140 1587 1196 exordio
1601 1140 1732 1195 dicuntur
1743 1157 1776 1195 eo
1789 1138 1927 1195 contineri

477 1232 555 1301 “lace
571 1231 623 1285 sice
639 1229 733 1298 species
749 1228 818 1282 iaris
835 1228 868 1282 de
883 1227 1068 1282 Theodosium
1085 1228 1126 1280 vel
1142 1226 1174 1280 de
1192 1226 1300 1280 divesis
1317 1225 1401 1280 libris'
1418 1229 1448 1281 et
1465 1225 1653 1294 antiquissimi
1671 1225 1776 1295 quique
1788 1226 1927 1283 Breviorii

480 1317 597 1382 codices,
616 1316 645 1370 in
661 1315 706 1370 his
718 1315 785 1383 ΡΜ,
804 1314 923 1385 singulis
938 1312 1019 1367 libris
1031 1330 1086 1368 non
1098 1312 1277 1367 subscribunt
1288 1310 1343 1366 nisi
1361 1311 1537 1366 Theodosiani
1553 1311 1664 1368 adiecto
1677 1311 1748 1368 libro
1762 1318 1791 1369 et
1803 1330 1926 1368 numero.

480 1402 670 1458 Librariorum
687 1405 783 1457 autem
800 1417 859 1456 esse
878 1399 1009 1456 videntur
1026 1398 1050 1452 si
1069 1416 1126 1467 qua
1143 1397 1319 1468 reperiuntur
1337 1397 1543 1462 additamenta,
1566 1400 1599 1452 ut
1617 1398 1836 1452 constitutionum
1856 1397 1928 1452 vidi-

480 1507 542 1543 mus
559 1487 701 1543 adieotum
718 1505 777 1542 esse
795 1485 825 1542 in
843 1485 915 1541 libro
931 1485 956 1538 Τ
970 1489 1102 1548 extremo,
1120 1487 1153 1539 ut
1171 1483 1200 1537 in
1214 1484 1247 1537 H
1260 1483 1392 1539 similiter
1403 1483 1597 1539 Theodosiana
1615 1482 1801 1539 subscribitur
1819 1485 1928 1552 explicit

484 1574 663 1629 Theodosiani
679 1574 898 1629 mundationum
916 1571 986 1638 liber,
1003 1574 1036 1625 ut
1053 1571 1082 1624 in
1096 1570 1130 1624 N
1143 1569 1274 1624 dicuntur
1287 1569 1426 1625 breviario
1445 1568 1583 1625 contineri
1601 1569 1679 1622 libelli
1697 1585 1730 1623 ea
1746 1585 1854 1638 caepae
1874 1569 1929 1624 diri

486 1660 664 1715 Theodosiani
679 1660 742 1726 (sic)
761 1659 823 1713 libii
838 1657 920 1724 XVI,
938 1656 968 1711 in
985 1655 1009 1712 Ο
1026 1655 1228 1726 praescribitur
1245 1655 1376 1711 rubricis:
1395 1657 1532 1725 incipiant
1550 1655 1673 1725 capitula
1690 1695 1738 1710 ...
1757 1657 1840 1725 maen
1857 1659 1928 1711 anti·

481 1763 599 1816 mnam
615 1764 634 1799 a
653 1745 800 1799 Theodosio
817 1745 919 1798 minore
936 1744 1110 1808 Marum,
1127 1741 1313 1796 subscribitur
1330 1741 1402 1797 libro
1421 1746 1574 1812 postremo:
1594 1741 1703 1810 explicit
1720 1741 1786 1796 liber
1799 1742 1831 1796 X
1835 1742 1928 1814 V(sic)

485 1832 626 1888 Theodosii
642 1832 754 1885 minoris
771 1831 804 1884 de
822 1829 1022 1896 confimationi
1038 1829 1126 1896 Qum
1144 1829 1327 1895 anitiquarum.
1363 1827 1473 1882 Similia
1490 1827 1661 1896 reliquorum
1685 1826 1813 1882 codicum
1836 1829 1928 1885 relata

482 1919 511 1974 in
535 1936 630 1975 eorum
651 1936 765 1974 recensu
788 1917 924 1971 hocloco
947 1933 1001 1970 non
1019 1914 1181 1985 repetimus.
1201 1945 1234 1953 —
1253 1913 1492 1970 constitutionum
1514 1913 1548 1967 de
1572 1913 1717 1968 formanda
1742 1913 1796 1969 huc
1819 1915 1928 1986 sylloge

483 2005 645 2061 emissarum
663 2003 739 2073 prior
756 2020 781 2057 a.
793 2004 845 2057 429
863 2000 989 2071 loquitur
1010 2001 1044 2056 de
1063 2000 1229 2071 colligendis
1252 2000 1363 2071 legibus
1385 2000 1423 2052 ad
1439 1999 1640 2053 similitudinem
1661 1998 1823 2069 diepam
1848 2007 1929 2071 aeque

484 2090 696 2159 Hamuyeniani
718 2088 815 2142 codicis
836 2090 866 2144 et
888 2105 950 2141 mox
974 2087 1008 2141 de
1031 2085 1075 2140 his
1092 2085 1244 2140 ‘codicibcis’
1261 2085 1364 2149 tribus,
1390 2085 1480 2140 altera
1498 2086 1588 2140 ease
1611 2085 1739 2140 nominat
1760 2094 1926 2145 walaelorcs

482 2177 565 2231 huius
585 2175 760 2230 Tbeodosiani
782 2173 877 2228 coduis
899 2172 976 2241 (hinc
999 2172 1122 2242 pendent
1145 2169 1265 2226 Isidorus
1288 2171 1462 2242 orig.5,1,7
1481 2175 1510 2226 et
1533 2170 1704 2227 lastinianus
1730 2179 1815 2229 const.
1852 2175 1929 2232 Haec

483 2280 557 2332 quae
580 2260 736 2317 necessario
759 2260 846 2330 praef.
864 2264 894 2316 et
912 2258 995 2314 Cordi
1017 2258 1098 2312 nobis
1118 2261 1142 2325 1)
1165 2257 1248 2327 idque
1271 2257 1364 2327 ipsum
1387 2261 1430 2312 est
1452 2257 1481 2311 in
1504 2257 1591 2328 gestis
1614 2277 1636 2314 c.
1651 2259 1682 2312 4:
1705 2260 1768 2329 lepit
1791 2276 1824 2314 aa
1846 2261 1932 2316 codice

488 2347 674 2402 Theodosium
691 2347 843 2415 eodemque
869 2346 1005 2400 vocabulo
1030 2344 1122 2399 utitur
1141 2343 1305 2399 constitutio
1323 2360 1348 2397 a.
1361 2343 1412 2398 438
1435 2361 1520 2412 supra
1542 2345 1633 2400 relata
1656 2345 1690 2401 de
1708 2345 1817 2416 sylloge
1839 2347 1931 2417 publi-

486 2435 576 2489 canda
599 2433 724 2501 itemque
742 2432 811 2486 deta
835 2449 860 2485 a.
872 2430 925 2486 443
948 2432 982 2486 de
1000 2430 1208 2500 exemplaribus
1231 2428 1291 2483 eius
1314 2428 1450 2484 faciendis
1469 2429 1577 2485 directa
1599 2430 1636 2484 ad
1658 2430 1931 2497 constitutionarios;

486 2519 606 2588 denique
623 2518 753 2574 novellae
771 2517 829 2587 legi
847 2535 872 2572 a.
884 2519 935 2571 447
953 2519 1028 2585 (nov.
1041 2515 1193 2572 Theodosii
1207 2516 1234 2581 2)
1252 2515 1282 2568 in
1294 2514 1485 2570 Ottoboniano
1503 2515 1575 2571 libro
1594 2516 1634 2570 sic
1651 2516 1708 2572 fere
1726 2516 1932 2587 praescriptum

486 2609 541 2662 est:
567 2604 600 2657 de
621 2603 803 2658 Theodosiani
824 2602 922 2658 codicis
943 2603 1101 2656 auctoritaie
1124 2607 1149 2655 ei
1171 2601 1205 2654 de
1226 2600 1339 2669 lepidus,
1365 2616 1435 2668 qnae
1457 2601 1529 2654 latae
1551 2607 1615 2655 susa
1635 2608 1696 2669 post
1717 2603 1930 2659 Theodosianam

486 2691 542 2745 diui
556 2689 685 2744 Theodosi
702 2689 825 2757 Armati.
860 2688 930 2759 Legi
942 2687 1135 2744 Valentiniani
1154 2688 1194 2741 III
1213 2705 1239 2742 a.
1251 2687 1303 2743 448
1321 2687 1393 2753 (nov.
1407 2686 1519 2742 Valent.
1538 2687 1583 2754 25)
1601 2686 1802 2757 praescribitur
1818 2688 1851 2744 de
1869 2707 1931 2745 can·

486 2777 636 2844 finnaione
657 2777 744 2844 ῑῳνηι
769 2775 825 2829 diei
846 2777 989 2844 (expectes
1014 2774 1127 2841 domini)
1149 2773 1294 2827 Theodosii
1316 2773 1435 2842 Aapnsti
1455 2789 1524 2840 qaae
1551 2774 1623 2827 latae
1645 2779 1708 2826 sunt
1732 2779 1792 2842 post
1813 2775 1932 2831 Theodo

487 2864 611 2927 sianum
634 2861 709 2916 idem
731 2860 803 2916 citat
824 2876 919 2928 corpses
940 2859 1157 2913 Theodosianum
1178 2875 1240 2913 nov.
1257 2859 1299 2922 31,
1313 2859 1335 2912 1.
1353 2856 1387 2911 34
1406 2859 1492 2927 praei.
1533 2858 1733 2913 Theodosiacus
1750 2860 1815 2914 liber
1836 2867 1880 2918 cst
1903 2862 1932 2917 in

488 2946 626 3002 chronicis
644 2945 762 3001 Gallicis
783 2964 808 3001 a.
825 2946 876 2999 452
901 2946 970 3014 (chr.
988 2945 1054 2999 min.
1074 2945 1087 2998 1
1113 2962 1140 3014 p.
1155 2944 1231 3013 600);
1260 2943 1461 2997 Theodosiunoe
1483 2945 1549 3012 lepos
1573 2945 1756 3014 appellantur
1778 2963 1796 3001 a
1818 2946 1932 3004 Sidonio

488 3032 653 3104 Apollinare
671 3035 724 3102 (ep.
739 3034 766 3096 l,
782 3033 814 3101 1).
833 3063 865 3073 —
884 3032 916 3087 In
939 3030 1158 3103 allegationibus
1182 3031 1307 3101 syllogus
1331 3030 1407 3100 apud
1431 3029 1598 3100 posteriores
1622 3048 1677 3086 non
1701 3032 1933 3102 frequentissimis

491 3119 651 3175 dominatur
673 3117 879 3172 Theodosiacus
895 3120 979 3173 nude:
1002 3118 1045 3173 ita
1063 3117 1168 3173 citatur
1189 3116 1219 3170 in
1237 3116 1393 3186 appendice
1416 3117 1507 3187 priore
1535 3116 1666 3173 breviarii
1685 3122 1718 3187 (c.
1731 3119 1765 3173 20
1783 3123 1813 3176 et
1834 3120 1863 3176 in
1881 3121 1935 3177 fine

491 3205 567 3275 apud
579 3204 761 3274 Kruegerum)
779 3206 809 3259 et
826 3203 855 3257 in
874 3203 1000 3259 auctario
1018 3202 1250 3258 constitutionum
1263 3201 1519 3257 Sirmondianarum
1539 3202 1613 3269 (vide
1626 3204 1662 3258 ad
1683 3205 1794 3274 1,27,1)
1813 3209 1842 3262 et
1860 3210 1936 3278 apud

489 3291 642 3347 Iohannem
659 3290 767 3359 Lydum
789 3290 834 3344 bis
854 3290 889 3345 de
907 3308 980 3360 mag.
993 3291 1017 3354 2,
1030 3291 1073 3345 40.
1091 3290 1115 3354 3,
1128 3290 1164 3344 40
1182 3289 1241 3357 (ubi
1259 3290 1275 3342 ὁ
1293 3289 1378 3342 πάλαι
1397 3289 1575 3349 Θεοδοσιανὸς
1600 3290 1752 3360 opponitur
1770 3293 1809 3364 τῷ
1826 3296 1935 3366 νεαρῷ),

490 3395 555 3433 cum
574 3376 604 3430 in
623 3376 708 3432 tertio
726 3375 789 3431 loco
806 3376 831 3442 3,
845 3377 879 3431 23
903 3376 1014 3431 dicatur
1036 3376 1051 3428 d
1070 3378 1155 3429 adice
1174 3375 1354 3434 Θεοδοσιανός
1370 3375 1466 3443 suem
1488 3375 1555 3430 item
1578 3375 1608 3430 in
1625 3377 1689 3447 lege
1706 3377 1935 3449 Burgundionum

490 3462 617 3517 Romana
634 3461 751 3532 passim:
770 3462 839 3519 item
856 3462 887 3516 in
900 3461 1112 3518 assentatione
1131 3462 1217 3517 semel
1230 3462 1264 3528 (6,
1277 3463 1301 3526 7,
1314 3462 1357 3530 3);
1375 3462 1472 3517 eodem
1489 3461 1570 3527 redit,
1588 3464 1663 3531 quod
1680 3465 1764 3519 semei
1783 3465 1889 3536 legitur
1907 3466 1936 3521 in

491 3548 554 3620 lege
572 3547 801 3619 Burgundionum
820 3548 905 3616 (l,3),
926 3547 996 3603 item
1016 3548 1092 3617 apud
1109 3547 1279 3618 gromaticos
1298 3554 1336 3617 (p.
1349 3548 1399 3602 267
1420 3548 1543 3616 Lachm.)
1561 3553 1591 3604 et
1610 3548 1714 3619 passim
1733 3548 1762 3603 in
1780 3551 1936 3621 appendice

491 3634 645 3705 posteriore
658 3633 792 3689 breviarii
806 3638 843 3704 (p.
853 3634 904 3688 260
913 3651 953 3702 sq.
969 3634 1104 3705 Krueger)
1117 3637 1146 3688 et
1161 3633 1189 3687 in
1203 3633 1414 3690 Consultatione
1426 3650 1521 3703 corpas
1533 3634 1716 3703 Theodosiani,
1734 3638 1841 3708 pariter
1851 3642 1937 3707 atquc

491 3720 598 3791 passim
614 3718 755 3789 reperitur
764 3735 861 3787 corpses
874 3721 918 3786 (=
932 3719 1071 3788 volumen)
1086 3720 1239 3788 Papiniani
1250 3722 1318 3787 (l‚4.
1327 3720 1362 3786 3),
1380 3736 1477 3789 corpus
1491 3720 1602 3787 Ulpiani
1619 3720 1708 3789 (inser.
1721 3726 1787 3778 ante
1804 3725 1937 3794 regulas),

491 3822 587 3874 caspios
600 3805 767 3873 θτῳοήαπὲ,
785 3822 884 3875 corpus
896 3807 1060 3859 novellarum
1076 3805 1221 3860 Theodosii
1239 3811 1263 3860 et
1279 3806 1461 3860 Valentiniani
1474 3807 1530 3868 (lex
1542 3808 1625 3877 Burg.
1639 3809 1663 3876 2,
1673 3808 1701 3874 2)
1714 3813 1743 3863 et
1755 3815 1842 3880 negat
1854 3810 1938 3868 inter·

491 3910 556 3963 pres
574 3890 751 3946 Alaricianus
770 3891 818 3958 (ad
836 3892 888 3945 Th.
901 3895 923 3956 l,
933 3893 959 3956 4,
969 3892 997 3958 3)
1016 3891 1180 3948 Scaevolam
1197 3891 1323 3960 aliosque
1343 3893 1495 3962 prudentes
1514 3897 1640 3948 vetustos
1658 3895 1688 3947 in
1705 3895 1763 3949 silis
1780 3899 1938 3965 corporibus

492 3978 550 4034 iam
575 3976 703 4033 inveniri.
742 3975 844 4046 Corpus
866 3977 1085 4032 Theodosianum
1108 3979 1138 4031 in
1164 3977 1386 4049 allegationibus
1412 3997 1466 4034 non
1493 3978 1588 4032 inveni
1612 3979 1667 4034 nisi
1693 3982 1769 4051 apud
1793 3982 1937 4039 Theudem

491 4080 589 4135 regem
598 4061 821 4134 Wisigotharum
840 4062 867 4119 ei
885 4064 977 4135 legem
995 4082 1074 4119 suam
1091 4064 1126 4119 de
1144 4063 1239 4119 litium
1256 4065 1385 4134 expensis
1404 4064 1582 4128 inserentem
1601 4084 1651 4121 nec
1663 4067 1753 4122 multo
1765 4069 1938 4138 frequentius

493 4150 634 4221 allegatur
648 4149 855 4204 Theodosianaa
871 4150 954 4204 codex
972 4151 1016 4206 vel
1034 4150 1117 4205 codsa
1138 4150 1347 4217 Theudosianas,
1366 4150 1476 4205 scilicet
1494 4152 1523 4204 in
1541 4151 1657 4206 scholiis
1675 4152 1819 4210 Sinaiticis
1837 4159 1871 4223 (c.
1884 4156 1939 4211 23

493 4236 629 4307 Krueger)
648 4238 678 4291 st
695 4236 772 4305 apud
791 4235 974 4305 imperatores
994 4235 1175 4291 Anthemium
1195 4238 1269 4303 (nov.
1282 4236 1309 4302 3)
1329 4242 1358 4292 et
1376 4236 1561 4292 Iustinianum
1580 4238 1795 4308 (inst.3,l,15),
1819 4242 1939 4312 denique

493 4322 570 4392 apud
587 4322 740 4377 Iohannem
757 4322 866 4391 Lydum
887 4321 973 4377 tertio
997 4323 1059 4378 loco
1081 4322 1132 4377 illo
1156 4340 1241 4392 supra
1263 4322 1360 4378 citato.
1397 4323 1448 4377 His
1466 4323 1593 4393 expensis
1617 4324 1794 4395 intellegitur
1812 4327 1940 4399 legitimo

494 4427 546 4463 usu
563 4408 691 4479 syllogen
709 4408 865 4478 nuncupari
882 4408 942 4463 solo
954 4409 1091 4464 vocabulo
1103 4408 1302 4476 Theodosiani,
1319 4427 1383 4464 nam
1401 4409 1521 4465 alterum
1535 4410 1702 4466 vocabulum
1719 4415 1749 4469 et
1767 4414 1941 4469 acodicibus

494 4494 621 4565 syllogae
639 4493 754 4565 optimis
772 4494 929 4564 quibusque
947 4494 1028 4550 abest
1046 4500 1076 4550 et
1094 4496 1176 4551 abest
1194 4495 1299 4566 passim
1317 4495 1404 4551 etiam
1422 4496 1451 4550 in
1470 4497 1697 4568 allegationibus.
1728 4498 1806 4554 ldem
1823 4501 1940 4558 fortasse

495 4578 606 4635 obtinet
628 4579 662 4633 ds
680 4579 852 4651 Gregoriano
874 4584 904 4635 et
927 4580 961 4634 de
983 4580 1218 4650 Hermogeniana,
1243 4599 1308 4636 nam
1331 4580 1375 4635 his
1393 4599 1503 4650 quoque
1527 4600 1611 4653 saepe
1635 4586 1710 4638 certe
1734 4584 1941 4641 substantivum

495 4664 604 4719 nullum
621 4663 798 4735 adiungitur;
820 4667 918 4720 contra
937 4664 1064 4735 legitime
1081 4664 1187 4720 dicitur
1205 4666 1291 4722 codex
1310 4665 1489 4722 lastinianus.
1511 4698 1540 4707 —
1562 4667 1633 4723 Sane
1651 4668 1823 4740 syllogarum
1842 4671 1941 4727 harum

495 4749 654 4805 intitulatio
672 4749 729 4821 (egi
751 4750 786 4806 de
808 4769 842 4806 ea
864 4750 894 4805 in
911 4751 1088 4821 ephemeride
1107 4752 1287 4823 Savignyana
1306 4752 1359 4807 vol.
1376 4753 1408 4807 10
1426 4771 1452 4822 p.
1464 4754 1517 4808 345
1525 4755 1608 4822 seq),
1632 4753 1693 4810 sive
1715 4754 1805 4809 solnm
1827 4756 1941 4812 adiecti·

497 4855 562 4891 vum
585 4854 636 4907 pro
657 4835 743 4892 titulo
766 4836 857 4906 operis
879 4836 935 4892 suit
956 4837 1014 4892 sive
1038 4838 1125 4892 adid
1149 4838 1291 4894 adiectum
1309 4844 1352 4894 est
1370 4838 1475 4894 codicis
1494 4840 1669 4906 vocabulum,
1694 4841 1777 4911 longe
1799 4843 1942 4899 recedita

496 4921 582 4978 solita
599 4921 745 4977 titulorum
764 4921 927 4977 Latinorum
944 4924 1034 4978 forme
1051 4923 1149 4978 multis
1167 4922 1302 4994 exemplis
1319 4924 1444 4988 firmata;
1462 4942 1551 4993 neque
1570 4924 1702 4995 displicet
1719 4945 1804 4996 quam
1822 4927 1863 4984 ibi
1882 4948 1942 5000 pro-

495 5006 578 5076 posui
596 5005 757 5061 coniectura
775 5008 899 5079 syllogas
916 5026 970 5063 non
990 5009 1165 5066 continentes
1183 5009 1237 5065 nisi
1259 5010 1334 5064 solas
1352 5008 1552 5079 imperatorum
1570 5012 1784 5069 constitutiones
1801 5015 1942 5084 prudenti-

497 5092 550 5147 bus
567 5090 657 5163 magis
680 5110 730 5162 pro
748 5093 855 5148 tabulis
876 5093 999 5163 publicis
1022 5094 1106 5151 fuisse
1124 5113 1209 5164 quam
1232 5114 1283 5165 pro
1306 5094 1386 5151 libris
1409 5096 1505 5164 itaque
1527 5114 1583 5152 non
1605 5102 1752 5153 auctorum
1773 5100 1886 5155 nomine
1908 5101 1944 5156 iis

496 5176 588 5232 indita
611 5194 684 5243 csse,
707 5178 756 5233 sed
778 5179 914 5234 vocabulo
939 5180 1042 5236 codicis
1066 5181 1094 5235 in
1116 5181 1222 5237 tabulis
1245 5181 1368 5251 publicis
1390 5182 1518 5238 sollemni
1543 5202 1577 5240 eu
1600 5183 1685 5241 solita
1702 5204 1762 5242 esse
1783 5186 1943 5257 significari,

497 5282 553 5333 quo
576 5262 689 5320 abiecto
712 5270 812 5335 utpote
838 5267 979 5322 communi
1003 5267 1125 5322 omnium
1151 5286 1185 5323 ea
1210 5267 1373 5338 plerumque
1396 5269 1506 5324 laudari
1531 5271 1581 5325 sub
1606 5270 1718 5328 nonius
1740 5272 1945 5328 determinaudi

499 5368 584 5405 causa
601 5349 712 5405 adiecto
731 5350 815 5421 periti
835 5351 1046 5421 imperatorisve
1063 5352 1136 5419 eius,
1161 5354 1210 5422 qui
1233 5355 1360 5425 syllogen
1379 5355 1580 5424 composuisset
1599 5357 1643 5412 vel
1663 5357 1792 5428 componi
1809 5358 1942 5417 iussisset.
