4517 6125
1011 587 1043 599 -
1079 557 1164 615 cmx
1199 589 1232 600 -

472 731 594 772 vacanea
612 712 673 768 visa
694 715 745 769 est
781 713 804 768 A
823 713 1039 786 magistratuum
1062 713 1235 786 temporibus
1253 715 1469 772 determinandis
1491 716 1629 784 abstinui,
1652 736 1687 775 ne
1710 719 1746 775 ad
1768 737 1839 775 com·

470 799 621 857 montanino
643 799 775 864 deferrer,
799 817 914 871 sperans
938 800 1008 865 lore,
1034 803 1066 855 ut
1087 799 1239 870 aliquando
1260 802 1359 857 horum
1381 821 1491 872 quoqne
1515 804 1688 860 saeculorum
1711 804 1839 861 idoneam

470 884 738 960 prosopogiaphiam
756 886 955 951 nanciscamur,
974 905 1046 956 quae
1063 888 1124 943 sola
1142 887 1187 942 his
1204 888 1417 957 quaestionibus
1435 891 1640 960 pertractandis
1657 898 1727 962 apta
1744 895 1794 947 est.

402 1010 450 1065 111.
469 1009 513 1064 Ad
529 1012 605 1065 recte
623 1006 813 1064 adhibendum
831 1005 998 1061 laterculum
1017 1007 1131 1062 tertium
1150 1007 1365 1064 constitutiones
1382 1013 1589 1066 enumerantem
1608 1009 1704 1068 ordine
1726 1013 1839 1069 chrono-

470 1095 561 1168 logico
579 1095 701 1152 tenenda
718 1097 783 1150 sant
801 1093 877 1149 base.

463 1212 485 1266 1.
504 1208 656 1266 Ordinatns
681 1212 724 1264 est
748 1207 901 1264 laterculus
925 1204 1058 1277 primario
1083 1206 1146 1262 loco
1171 1205 1208 1263 ad
1231 1206 1431 1278 imperatorum
1456 1208 1568 1264 nomina
1592 1210 1839 1267 constitutionibus

501 1295 684 1368 praescripta,
702 1313 775 1365 quas
792 1310 924 1364 expressa
940 1297 1005 1349 sunt
1023 1292 1127 1350 litteris
1144 1293 1305 1360 maioribus,
1323 1294 1442 1351 adiectis
1460 1313 1510 1366 pro
1524 1295 1602 1352 varia
1617 1297 1738 1353 lectione
1751 1295 1839 1352 diver·

501 1381 637 1440 sitatibus
654 1381 875 1453 inscriptionum.

458 1489 482 1543 2
501 1485 669 1544 Secundario
691 1486 751 1541 loco
773 1485 926 1541 laterculus
948 1483 1093 1540 ordinatus
1115 1488 1159 1541 est
1180 1485 1217 1540 ad
1238 1486 1376 1554 consules,
1400 1490 1432 1544 ut
1454 1486 1585 1543 similiter
1606 1485 1655 1543 nbi
1678 1486 1706 1543 in
1725 1485 1760 1542 iis
1777 1488 1840 1543 sub·

502 1572 668 1645 scriptiones
687 1572 804 1638 variant,
823 1571 853 1626 id
870 1588 921 1641 pro
939 1570 1018 1627 varia
1035 1569 1157 1627 lectione
1175 1570 1323 1627 adiciatur.

459 1679 485 1734 3.
502 1677 589 1742 Anni,
611 1675 683 1742 dies,
707 1674 774 1740 loci,
799 1679 962 1746 acceptores
984 1675 1027 1731 ita
1050 1675 1080 1730 in
1103 1675 1270 1732 laterculum
1288 1676 1396 1748 recepti
1414 1681 1492 1744 sunt,
1517 1681 1550 1734 nt
1573 1676 1602 1732 in
1624 1675 1704 1733 libris
1726 1677 1840 1748 scriptis

502 1761 602 1819 traditi
621 1764 687 1817 sunt
709 1759 821 1817 adiecta
845 1778 939 1816 eorum
962 1760 1041 1816 varia
1062 1760 1193 1817 lectione.
1229 1762 1273 1816 Ad
1298 1762 1413 1819 eandem
1437 1762 1667 1820 constitutionem
1684 1781 1757 1834 qnae
1779 1783 1839 1836 per·

501 1848 625 1906 timerent
646 1850 805 1920 fragmenta
825 1851 960 1917 quantum
983 1846 1043 1904 lieri
1066 1846 1161 1918 potuit
1185 1847 1328 1915 coniunxi,
1352 1867 1522 1921 quamquam
1547 1849 1597 1906 ubi
1619 1849 1839 1922 subscriptiones

501 1935 644 2000 differrant,
667 1933 797 1990 iunctura
813 1951 898 2005 saepe
915 1933 1002 1990 dubia
1019 1938 1070 1990 est.
1105 1935 1150 1990 Ad
1168 1939 1261 1992 errata
1278 1935 1328 1992 ubi
1344 1935 1404 1992 fieri
1421 1935 1529 2007 potuit,
1549 1936 1708 1993 emendatio
1727 1936 1839 1994 adiecta

502 2025 547 2078 est
567 2021 643 2078 intra
665 2038 752 2076 uncos
773 2020 938 2090 quadratos,
961 2020 1012 2076 ubi
1032 2021 1112 2076 nulla
1133 2023 1306 2092 suppetebat
1326 2021 1493 2093 probabilis,
1516 2022 1627 2094 signnm
1648 2022 1840 2095 interrogandi

501 2109 569 2167 item
592 2107 669 2163 intra
691 2124 784 2163 uncos.
825 2105 932 2163 Causae
955 2106 1121 2163 emendandi
1144 2111 1196 2164 ant
1219 2107 1368 2165 dubitandi
1392 2112 1442 2165 aut
1465 2110 1502 2166 ad
1526 2110 1602 2181 ipsas
1626 2109 1840 2167 constitutiones

502 2194 626 2253 breviter
643 2193 785 2250 indicatae
802 2195 869 2249 snut
884 2199 936 2251 aut
953 2190 982 2249 in
999 2193 1137 2250 laterculo
1155 2194 1321 2259 adnotatae,
1344 2193 1499 2252 minoribns
1516 2199 1624 2262 tamen,
1647 2194 1768 2252 maxime
1790 2195 1839 2251 ubi

502 2283 539 2338 ad
555 2299 663 2338 mansas
680 2279 794 2350 diesque
811 2280 885 2336 solos
902 2278 1081 2351 perveniunt,
1099 2280 1264 2352 plerumque
1281 2281 1493 2352 praetermissis
1528 2281 1684 2339 Iustiniana
1701 2300 1764 2338 cum
1782 2281 1840 2338 sint

502 2386 599 2440 parum
623 2371 700 2424 certa
723 2366 829 2433 omnia,
853 2365 1071 2423 auctoritatibus
1089 2366 1240 2438 adscriptis
1261 2384 1279 2423 a
1298 2367 1448 2425 dubitandi
1469 2368 1544 2426 notis
1562 2368 1695 2425 abstinui.
1714 2398 1746 2410 -
1765 2369 1839 2424 Vera

501 2473 560 2512 asse
578 2472 620 2520 ea,
638 2453 740 2524 quibus
757 2453 836 2509 nulla
854 2456 922 2509 nota
939 2452 1071 2526 adposita
1088 2457 1144 2519 est,
1162 2471 1339 2524 nequaquam
1358 2456 1495 2512 contendo
1513 2472 1580 2527 prae
1598 2471 1712 2510 numero
1729 2453 1839 2526 ingenti

502 2540 676 2597 luxationum
694 2543 724 2597 et
740 2539 890 2606 standium,
908 2558 998 2611 neque
1016 2558 1099 2596 ausus
1117 2559 1186 2605 suni,
1203 2540 1232 2595 id
1246 2541 1320 2611 qnod
1337 2540 1367 2597 in
1378 2541 1489 2615 legibus
1501 2540 1739 2599 comeantinianis
1756 2559 1839 2596 ausus

501 2631 546 2684 est
562 2627 692 2685 Seeckius
710 2627 878 2696 (Zeitectrist
894 2626 943 2682 der
960 2626 1221 2698 Sasiam-Stiftmsg
1237 2628 1286 2694 sits
1302 2628 1551 2698 saturamur«,
1568 2634 1632 2684 rem.
1644 2626 1722 2682 Arra.
1742 2626 1796 2682 vol.
1807 2627 1840 2682 10

502 2731 527 2769 a.
539 2714 606 2770 1889
623 2731 652 2784 p.
666 2713 763 2769 1-44.
782 2712 865 2769 17‘1-
871 2713 930 2777 251,
947 2710 1068 2768 maxime
1086 2731 1113 2783 p.
1125 2713 1178 2768 207
1187 2714 1256 2782 seq.)
1274 2713 1373 2770 fortius
1384 2713 1484 2785 opinor
1496 2732 1581 2785 quam
1591 2712 1764 2786 prudentius,
1783 2730 1839 2768 cor·

501 2799 586 2856 rectis
602 2799 716 2856 traditis
734 2799 903 2856 laterculum
921 2815 1085 2870 componere
1102 2816 1185 2868 quem
1204 2818 1298 2856 verum
1315 2800 1515 2871 praedicarem.

460 2903 486 2959 4.
503 2901 687 2974 Magistratus
705 2920 768 2959 cum
785 2901 815 2957 in
831 2900 1060 2972 inscriptionibus
1077 2901 1182 2972 passim
1195 2902 1343 2959 tradantur
1355 2901 1521 2974 imperfecti,
1539 2921 1586 2960 eos
1604 2901 1653 2958 ubi
1671 2902 1729 2959 fieri
1746 2904 1840 2974 potuit

503 2989 677 3061 explevimus
694 2988 896 3045 additamentis
914 2987 1017 3044 clauus
1040 2988 1116 3044 intra
1138 3006 1223 3045 nnoos
1241 2990 1404 3059 quadratos,
1427 2987 1548 3046 maxime
1571 2993 1604 3046 ut
1625 2989 1839 3048 constitutiones

501 3077 626 3149 partium
645 3075 806 3133 Occidentis
824 3079 854 3132 et
871 3075 994 3149 partium
1012 3075 1134 3133 Orientis
1152 3076 1236 3134 facile
1254 3077 1500 3151 distinguerentur.

457 3182 481 3236 5.
500 3180 720 3238 constitutiones
731 3199 804 3253 quae
822 3199 925 3237 annum
939 3181 1047 3238 habent
1064 3187 1114 3238 aut
1132 3181 1175 3237 ita
1192 3184 1354 3253 corruptum
1371 3182 1577 3247 mutilatumve,
1595 3185 1628 3237 ut
1644 3181 1781 3238 laterculo
1799 3181 1838 3237 in·

501 3268 555 3324 seri
576 3287 631 3324 non
653 3271 759 3339 posset,
783 3270 834 3323 aut
855 3268 975 3333 nullum,
998 3285 1069 3338 quae
1091 3272 1254 3324 rarescunt
1275 3267 1302 3323 in
1323 3268 1528 3333 Theodosiano,
1551 3267 1581 3323 in
1599 3266 1754 3324 Iustiniana
1773 3285 1838 3323 vero

501 3352 647 3425 plurimae,
666 3353 700 3411 iis
717 3372 790 3425 quae
807 3353 882 3411 diem
899 3355 1006 3412 habent
1022 3353 1207 3425 interpositae
1225 3360 1291 3411 sunt
1309 3373 1358 3426 per
1375 3354 1488 3427 singula
1505 3353 1631 3425 imperia

459 3458 483 3513 6.
502 3458 676 3528 Quamquam
693 3476 799 3514 summo
817 3476 881 3514 cum
895 3459 989 3514 fructu
1001 3457 1050 3528 qui
1062 3457 1255 3514 Theodosiano
1273 3458 1363 3515 utitur
1374 3458 1457 3514 simul
1475 3457 1623 3515 adhibebit
1639 3476 1729 3513 rerum
1747 3461 1838 3529 gesta-

500 3562 561 3599 rum
573 3548 754 3610 enarratores,
772 3544 892 3601 maxime
904 3544 1150 3617 diligentissimum
1162 3544 1382 3613 Tillemontium,
1400 3545 1450 3615 qui
1467 3563 1523 3600 non
1541 3545 1630 3600 solnm
1647 3543 1761 3615 scripsit
1773 3549 1838 3616 post

501 3631 710 3698 Gothofredum,
727 3632 776 3686 sed
793 3631 881 3687 etiam
892 3648 965 3700 quae
978 3631 1165 3688 Gothotrsdus
1180 3650 1231 3702 per
1248 3632 1373 3703 singulas
1391 3631 1468 3703 leges
1484 3630 1624 3702 dispersit,
1642 3629 1757 3686 meliore
1775 3649 1837 3686 con·

501 3717 564 3773 silio
586 3717 685 3773 iuncta
707 3716 849 3789 exposuit,
875 3717 946 3773 mihi
969 3735 987 3773 a
1011 3717 1093 3773 rebus
1116 3717 1278 3773 enarrandis
1301 3717 1497 3775 abstinendum
1520 3716 1584 3774 fuit.
1624 3715 1723 3772 Nihilo
1747 3716 1838 3772 minus

501 3804 687 3860 necessarium
706 3804 795 3861 visum
814 3807 858 3861 est
874 3804 1072 3875 imperatorum
1092 3823 1143 3875 per
1160 3804 1284 3877 singulos
1302 3822 1389 3862 annos
1406 3809 1545 3875 quatenus
1566 3803 1626 3860 lieri
1643 3802 1738 3875 potuit
1756 3802 1837 3860 itine-

499 3888 568 3946 rarii
586 3890 676 3946 instar
692 3891 808 3961 aliquod
826 3893 971 3947 contexere
994 3890 1023 3946 in
1041 3890 1126 3947 tertio
1145 3894 1239 3947 nostro
1262 3892 1380 3947 elencho
1402 3890 1520 3963 singulis
1541 3889 1621 3946 annis
1644 3888 1836 3961 praemissum,

499 3993 565 4032 nam
586 3976 623 4032 ad
646 3975 864 4048 subscriptiones
884 3979 960 4032 recte
982 3978 1145 4033 tractandas
1167 3977 1222 4033 loci
1246 3976 1382 4049 adscripti
1405 3977 1580 4048 potissimum
1601 3975 1755 4033 adhibendi
1772 3979 1837 4031 sunt

500 4063 583 4135 longe
599 4062 691 4120 minus
708 4063 833 4136 corrupti
851 4081 936 4135 quam
953 4062 1020 4119 anni
1038 4064 1160 4135 diesque.
