4517 6125
1013 613 1045 623 -
1081 581 1170 636 LXVI
1204 610 1238 622 -

405 754 432 807 p.
448 735 639 808 CXXXlseq.)
661 736 834 792 aWillelmo
855 739 992 793 monacho
1010 737 1251 794 Malmesburiensi
1273 737 1346 793 inter
1364 755 1388 791 a
1403 737 1469 791 1125
1488 740 1517 792 et
1537 737 1603 792 1137
1621 738 1650 804 (l.
1663 755 1686 791 o.
1701 755 1728 806 p.
1742 735 1845 800 XXV),

405 824 514 879 scilicet
548 824 747 895 imperatorum
777 824 1149 894 Constantinopolitanorum
1181 823 1265 880 series
1297 822 1359 878 finit
1393 821 1424 876 in
1453 823 1575 879 Iohanne
1603 821 1846 894 Porphyrogenito

405 910 609 976 (1118-1143),
628 910 826 966 Germanomm
845 910 874 964 in
892 911 1048 965 HenricoV
1067 911 1199 979 (†1125)‚
1222 927 1319 980 regum
1337 909 1584 979 Tranoogallomm
1606 909 1635 963 in
1654 907 1795 964 liudovico
1806 907 1847 960 Vl

405 996 606 1064 (llos-1137).
635 996 724 1052 Abest
738 1013 756 1050 a
768 996 961 1052 Theodosiano
974 996 1069 1051 liberl
1090 1001 1174 1056 totus.
1192 996 1265 1052 unde
1283 995 1384 1064 reliqui
1397 996 1523 1050 11-xv1
1543 995 1572 1050 in
1590 997 1643 1051 hoc
1661 995 1758 1052 codiee
1775 993 1847 1051 facti

404 1085 469 1139 sunt
483 1083 594 1145 I·XV;
613 1085 759 1152 praeterea
777 1087 871 1138 textus
888 1100 943 1138 non
962 1083 1031 1139 hiat
1061 1083 1148 1138 Foliis
1166 1083 1196 1138 in
1214 1081 1318 1138 codicis
1336 1082 1490 1153 archetypo
1508 1080 1686 1152 transpositis
1706 1084 1801 1137 textus
1818 1080 1847 1134 in

405 1168 477 1224 libro
495 1169 615 1225 secundo
634 1169 676 1226 ita
694 1169 862 1226 ordinandus
879 1176 922 1227 eat
939 1171 1090 1227 seeundum
1108 1186 1234 1226 numeros
1252 1168 1398 1227 Breviarii.

469 1291 489 1344 Ι.
508 1290 531 1354 l,
543 1292 617 1354 l—l,
630 1291 669 1346 12.

441 1411 488 1465 Ill.
507 1412 531 1477 6,
541 1412 596 1466 3.4
614 1411 778 1482 [sequuntur
801 1415 912 1467 nostrae
939 1411 1071 1467 editionis
1098 1410 1312 1468 constitutiones
1336 1410 1360 1476 2,
1374 1411 1397 1477 7,
1412 1411 1465 1466 1.2
1491 1427 1508 1466 a
1531 1408 1675 1468 Breviario
1701 1406 1848 1480 primitivo

621 1498 751 1568 alienae].
769 1500 793 1564 6,
803 1501 828 1555 5.
847 1501 870 1564 l,
882 1501 905 1553 l.
922 1498 948 1565 8,
959 1498 982 1554 1.
992 1498 1016 1554 2.
1025 1499 1050 1553 3.
1068 1499 1127 1563 9,1.

439 1589 646 1599 —-—

455 1621 491 1675 ΙΙ.
508 1621 566 1685 2,1.
586 1621 611 1686 3,
624 1621 645 1675 l.
664 1621 774 1686 4,1-7.
792 1620 851 1687 5,1.
869 1620 894 1684 6,
906 1620 929 1676 l.
941 1620 966 1673 2.

440 1711 646 1722 ——..

439 1740 488 1795 IV.
508 1741 573 1807 10,1
591 1742 679 1799 etsie
697 1742 840 1812 deinceps.

406 1860 580 1917 Breviarium
598 1863 627 1918 in
646 1864 699 1920 hoe
720 1863 859 1920 volumine
878 1882 944 1934 pars
961 1867 1004 1919 est
1022 1863 1149 1933 syllegae
1168 1879 1285 1934 magnae
1304 1863 1338 1917 de
1355 1862 1438 1916 rebus
1455 1860 1588 1917 Remmia
1607 1862 1652 1930 (cf.
1670 1859 1775 1916 Stubba
1793 1861 1812 1914 1.
1825 1878 1848 1914 c.

406 1964 434 2016 p.
448 1946 615 2016 cxxxr11);
638 1951 810 2020 praecedunt
827 1950 914 2006 Dares
932 1950 966 2006 de
985 1948 1085 2005 Troiae
1108 1947 1230 2013 excidio,
1255 1952 1417 2019 excerptum
1439 1966 1472 2004 ex
1491 1946 1563 2002 libro
1581 1946 1696 2003 Catonis
1713 1947 1747 2002 de
1765 1947 1850 2020 origi·

406 2033 501 2100 nibus,
528 2034 653 2091 Romana
680 2035 793 2101 lustini‚
821 2035 947 2100 Orosius,
973 2034 1125 2105 Eutropius
1155 2053 1217 2090 cum
1244 2035 1440 2106 supplemento
1462 2031 1544 2088 Pauli
1572 2032 1695 2097 diaconi,
1722 2033 1850 2088 Iordanis

408 2119 541 2186 ltomm,
560 2120 648 2192 ipsius
664 2123 787 2177 auctoris
797 2114 1134 2179 ‘adbreviatiowillelmi
1152 2123 1185 2179 de
1198 2122 1286 2194 gestis
1303 2121 1479 2191 sequentinm
1492 2120 1700 2192 imperatomm’
1712 2119 1851 2193 incipiens

408 2204 462 2262 ita:
480 2207 721 2264 ‘Praecedentium
739 2211 820 2280 gesta
838 2209 1038 2280 imperatorum
1055 2209 1186 2264 Iordanes
1204 2207 1353 2279 episcopus
1371 2211 1400 2263 et
1417 2206 1522 2262 Paulus
1540 2205 1674 2262 diaeonus
1691 2210 1850 2264 texuemnt.

404 2291 596 2362 ‘Sequentium
618 2297 683 2349 acta
700 2294 801 2349 Haimo
819 2296 973 2352 monachus
993 2293 1177 2351 Tloriaeensis
1201 2313 1235 2350 ex
1253 2293 1371 2349 diversis
1395 2292 1556 2349 unctoribus
1579 2292 1703 2365 eollegit'
1721 2293 1767 2362 (ef.
1785 2293 1850 2350 ΜΕ.

407 2377 452 2433 SS.
464 2380 489 2443 9,
502 2377 572 2447 348).
607 2378 684 2434 ‘Eius
701 2398 768 2451 erge
785 2399 895 2453 semper
912 2400 1033 2448 sensum,
1053 2380 1206 2449 aliquando
1225 2380 1311 2435 verba
1328 2397 1462 2451 ponemus
1480 2378 1588 2434 omissis
1605 2395 1797 2450 quaecumque
1815 2379 1851 2436 de

405 2464 607 2536 ‘Longobardis
627 2465 741 2521 Francis
764 2466 865 2522 Gothis
890 2465 1044 2530 inmiscuit;
1068 2483 1164 2521 earum
1186 2464 1260 2521 enim
1281 2464 1409 2536 gentium
1432 2469 1514 2536 gesta
1540 2462 1604 2519 aliis
1626 2463 1747 2535 propriis
1769 2463 1851 2521 libris

405 2550 566 2622 ‘leguntur'
597 2551 742 2607 Breviario
755 2552 976 2623 praemittuntur
993 2551 1165 2608 aWillelmo
1183 2552 1265 2607 haec:
1283 2550 1375 2605 ‘Nune
1387 2550 1455 2620 quia
1467 2549 1603 2621 quidquid
1622 2551 1656 2606 de
1674 2548 1851 2623 principibus

407 2635 519 2693 ‘ltaliae
541 2641 571 2693 et
588 2636 692 2694 Romae
719 2639 862 2708 potuimus
885 2638 1009 2693 invenire
1034 2638 1192 2693 curavimus
1216 2655 1270 2693 non
1295 2637 1436 2702 omittere,
1464 2655 1616 2708 congruum
1639 2635 1751 2693 videtur
1773 2638 1851 2710 leges

406 2722 603 2779 ‘Romanorum
621 2742 775 2794 apponere,
798 2743 853 2779 non
872 2743 919 2779 eus
937 2742 1007 2793 quas
1026 2723 1197 2780 Iustinianus
1214 2723 1295 2788 iecit,
1318 2727 1391 2780 esset
1409 2722 1482 2778 enim
1501 2723 1554 2778 hoc
1571 2722 1694 2794 ingentis
1710 2724 1804 2795 operis
1822 2729 1852 2781 et

407 2808 536 2875 laberis,
561 2809 610 2865 sed
632 2828 679 2867 eas
698 2829 768 2880 quas
786 2810 958 2867 Theodosius
981 2810 1070 2865 minor
1091 2809 1165 2865 filius
1183 2809 1317 2866 Archadii
1339 2827 1356 2865 a
1374 2809 1547 2880 temporibus
1565 2809 1742 2866 Constantini
1762 2829 1851 2880 usque

407 2894 454 2950 ‘ad
471 2914 551 2951 suum
569 2898 621 2952 snb
640 2897 726 2954 titulo
745 2897 826 2952 nnius
844 2897 976 2966 cuiusque
995 2896 1173 2967 imperatoris
1191 2896 1315 2968 collegit.
1350 2896 1493 2951 Ponuntur
1510 2913 1576 2968 ergo
1594 2896 1660 2952 XVI
1677 2895 1745 2953 libri
1761 2897 1800 2953 ab
1817 2915 1852 2954 eo

406 2980 539 3038 ‘collecti'
556 2982 647 3052 [novit
665 2984 753 3054 igitur
761 2984 922 3039 Willelmus
934 3001 1029 3039 vemm
1048 2983 1211 3052 nnmerum],
1228 2983 1355 3053 ‘quornm
1370 2981 1527 3039 sententiae
1543 2983 1638 3054 plures
1654 2984 1851 3054 explanantur,

406 3067 554 3138 ‘quaedam
573 3070 770 3140 explanatione
788 3089 843 3126 non
861 3075 959 3142 egent,
977 3070 1036 3125 divi
1049 3070 1201 3127 Theodosii
1219 3069 1344 3126 eiusdem
1361 3067 1534 3124 novellarum
1551 3068 1623 3126 liber
1634 3070 1659 3133 I;
1677 3069 1737 3125 divi
1749 3069 1851 3127 Valen-

407 3152 519 3209 ‘tiniani
537 3155 588 3211 filii
606 3156 749 3213 Placidiae
767 3156 840 3212 liber
856 3158 882 3220 Ι;
909 3156 968 3212 divi
986 3156 1120 3212 Mertiani
1139 3155 1284 3212 orientalis
1302 3155 1479 3226 imperatoris
1496 3154 1569 3210 liber
1585 3156 1611 3219 l;
1630 3154 1689 3210 divi
1704 3157 1851 3214 Anthemii

407 3240 447 3295 ‘et
464 3241 563 3296 Leonis
581 3242 653 3300 liber
671 3244 695 3308 1;
721 3245 779 3299 divi
797 3243 934 3299 Maiorani
955 3244 1016 3314 [sic]
1035 3243 1107 3299 liber
1125 3244 1151 3306 Ι;
1175 3241 1233 3297 divi
1252 3241 1346 3297 Severi
1364 3241 1435 3297 liber
1453 3241 1478 3295 l'
1499 3241 1620 3312 [exordia
1638 3241 1773 3298 historica
1795 3261 1851 3298 non

409 3324 509 3382 inscite
529 3328 607 3384 faeta
630 3347 702 3399 quae
729 3330 847 3402 singulis
871 3330 1013 3400 capitibus
1038 3328 1185 3399 praemisit
1203 3328 1363 3383 Willslmus
1385 3328 1518 3398 leguntur
1541 3328 1619 3384 edita
1646 3329 1723 3398 apud
1745 3329 1851 3386 llaene-

408 3410 478 3467 lium
490 3412 565 3469 brev.
578 3434 604 3485 p.
616 3416 676 3471 LVI
689 3421 718 3473 et
730 3419 807 3487 apud
819 3417 982 3474 Stnbhsinm
996 3435 1022 3486 p.
1034 3415 1195 3485 cxxxlx].
1224 3415 1266 3470 ‘ln
1278 3413 1380 3483 quibus
1392 3413 1465 3470 illud
1477 3413 1763 3478 animadvertendum,
1776 3417 1851 3484 quod

407 3497 534 3567 ‘quisque
552 3499 705 3571 imperator
720 3503 778 3557 suis
796 3503 917 3576 legibus,
942 3521 1011 3571 quas
1035 3501 1248 3572 promulgabat,
1273 3518 1372 3557 nornen
1396 3499 1531 3556 consortis
1554 3502 1727 3571 apponebat,
1749 3505 1852 3572 utpote

407 3585 590 3642 ‘Theodosius
608 3587 760 3658 imperator
778 3589 1038 3659 Constantinopolis
1056 3588 1190 3659 apposuit
1215 3587 1327 3658 legibus
1348 3586 1407 3641 suis
1428 3603 1528 3643 nomen
1540 3586 1745 3652 Valentiniani,
1768 3603 1852 3655 quem

408 3668 616 3742 ‘imperatorem
639 3680 783 3732 creaverat
808 3675 926 3738 Romae;
952 3674 992 3730 sic
1016 3678 1045 3730 et
1069 3673 1099 3728 in
1123 3673 1231 3731 ceteris.
1273 3672 1327 3730 Sed
1348 3673 1416 3742 quia
1438 3672 1575 3742 quaedam
1600 3674 1666 3727 snut
1689 3672 1719 3726 in
1740 3672 1852 3744 legibus

407 3755 616 3827 ‘imperatomm
638 3760 767 3825 obscura,
792 3761 829 3817 ad
855 3761 968 3831 plenum
995 3760 1170 3815 intellectum
1194 3758 1376 3830 apposuimus
1398 3758 1484 3814 libros
1507 3755 1717 3813 institutionum
1734 3756 1800 3812 Gaii
1822 3760 1853 3813 et

407 3842 500 3896 ‘Pauli
516 3843 795 3902 iurisconsultomm.'
824 3847 1017 3904 Theodosiana
1038 3845 1200 3916 anteposita
1218 3849 1261 3901 est
1277 3845 1354 3916 apud
1365 3844 1542 3900 Willelmnm
1557 3842 1689 3915 ‘epistola
1701 3842 1852 3899 Theodosii

408 3928 532 3985 ‘minoris
550 3930 583 3986 de
602 3932 811 3989 confirmatione
830 3935 924 4005 legum
944 3932 1140 4003 antiquarum’,
1165 3932 1275 3989 scilicet
1296 3931 1470 3988 novellamm
1487 3928 1638 3985 Theodosii
1656 3930 1682 3983 ll
1700 3929 1792 3999 prima
1808 3930 1852 3987 ‘de

408 4014 604 4072 ‘Theodosiani
627 4018 732 4073 codicis
754 4018 934 4076 anctoritate‘
952 4021 1046 4089 (supra
1062 4037 1089 4088 p.
1102 4018 1151 4087 X);
1176 4017 1308 4073 adhibuit
1330 4016 1418 4089 igitur
1434 4014 1573 4072 Breviarii
1590 4014 1714 4070 codicem
1732 4014 1853 4071 similem

408 4101 498 4157 nostri
516 4104 550 4157 A.
585 4102 732 4173 Epistulae
750 4104 938 4176 subscriptum
956 4110 1012 4162 est:
1033 4103 1164 4174 ‘explicit
1184 4102 1317 4174 epistola:
1338 4101 1480 4173 incipiunt
1498 4100 1626 4172 capitula
1643 4098 1709 4155 libri
1727 4100 1740 4153 1
1757 4099 1853 4171 legum

408 4187 596 4257 ‘antiquamm
619 4209 637 4245 a
655 4190 812 4248 Theodosio
835 4191 940 4248 minore
962 4191 1165 4255 collectamm’;
1189 4189 1379 4259 subscriptum
1397 4186 1583 4244 Theodosiani
1605 4186 1678 4242 libro
1700 4189 1853 4255 postremo:

407 4272 536 4344 ‘explicit
557 4276 629 4333 liber
646 4277 698 4331 XV
716 4277 866 4333 Theodosii
888 4275 1001 4334 mineris
1023 4278 1057 4334 de
1079 4276 1290 4333 confirmatione
1312 4276 1408 4346 legum
1428 4271 1624 4343 antiquarum’.
1646 4300 1680 4313 -
1704 4271 1797 4329 Codex
1822 4276 1855 4328 ut

409 4359 519 4415 librarii
537 4361 693 4418 doctrinam
705 4363 809 4434 passim
825 4364 955 4431 ostendit,
974 4363 1017 4419 ita
1034 4365 1070 4420 ab
1089 4363 1148 4421 eius
1167 4362 1303 4434 religione
1316 4378 1493 4431 nequaquam
1510 4378 1573 4416 eum
1590 4357 1855 4416 commendari·iam

409 4447 561 4504 Haenelius
572 4450 657 4518 (brev.
671 4469 698 4521 p.
712 4450 800 4519 XXX)
818 4452 946 4522 exposuit
964 4450 1085 4506 maxime
1103 4449 1256 4521 respiciens
1269 4448 1397 4504 Paulina.
1426 4445 1613 4502 Theodosiani
1631 4445 1764 4510 mbrieas,
1783 4463 1854 4515 quas

409 4533 528 4604 singtilis
545 4535 627 4592 libris
644 4535 812 4606 praemittit,
830 4538 968 4605 quomodo
986 4534 1146 4600 mutaverit,
1165 4534 1297 4591 editionis
1309 4537 1420 4590 nostrae
1437 4534 1593 4602 apparatus
1603 4532 1642 4601 (p.
1654 4531 1751 4599 8-26)
1763 4534 1854 4587 osten·

410 4622 466 4685 dit;
485 4623 519 4679 de
537 4625 604 4680 libri
621 4624 686 4679 XVI
706 4625 824 4681 rubricis
843 4624 915 4680 infra
933 4624 1096 4680 videbimus.
1133 4624 1396 4693 Interpretationem
1416 4623 1468 4687 vel,
1487 4627 1519 4677 ut
1537 4622 1599 4691 ipse
1617 4637 1679 4675 eam
1698 4616 1789 4688 magis
1806 4634 1855 4687 ap·

409 4711 515 4781 pellare
534 4712 631 4775 voluit,
649 4710 875 4781 explanationem
895 4711 1058 4781 plemmque
1074 4710 1231 4781 suppressit
1248 4715 1277 4766 et
1294 4710 1343 4765 ubi
1361 4708 1502 4773 remansit,
1522 4706 1627 4778 passim
1641 4703 1780 4776 reperitur
1795 4703 1855 4759 bre·

411 4796 490 4852 viata
507 4801 536 4853 et
553 4800 676 4859 mutata,
699 4796 729 4851 id
746 4797 821 4866 quod
838 4796 919 4860 item,
941 4795 1055 4867 parcius
1072 4795 1152 4860 licet,
1176 4795 1205 4850 in
1228 4793 1298 4866 ipsis
1315 4795 1425 4866 legibus
1444 4793 1570 4858 admisit,
1593 4798 1625 4848 ut
1642 4790 1777 4847 lectiones
1795 4788 1855 4846 eins

410 4883 566 4955 singulares
583 4901 638 4938 non
655 4900 718 4937 raro
736 4886 875 4953 appareat
887 4881 1024 4953 proficisci
1042 4900 1076 4938 ex
1089 4880 1257 4937 coniectura
1288 4880 1433 4936 Turmulae
1446 4897 1556 4949 quoqne
1570 4882 1632 4948 post
1649 4877 1713 4944 ata,
1732 4880 1757 4931 ct
1769 4881 1856 4932 cetero

411 4988 519 5041 semper
537 4970 665 5025 abiectae
683 4973 761 5032 sunt;
780 4968 860 5039 siglis
873 4974 931 5039 ᾗμῖ
948 4972 978 5024 et
992 4974 1034 5038 p’a
1051 4967 1183 5039 pariliter
1199 4966 1381 5023 substituitur
1393 4967 1560 5022 vocabulum
1574 4964 1741 5033 praepomtm
1758 4961 1807 5017 ubi
1826 4961 1856 5017 in

411 5060 491 5113 textu
504 5060 547 5112 est
562 5057 600 5111 ad
611 5057 695 5124 illam,
714 5056 879 5127 plerumque
891 5055 1029 5126 reperitur
1041 5055 1154 5112 dativus
1159 5075 1166 5118 ;
1185 5073 1240 5109 non
1252 5052 1384 5109 scribitur
1395 5053 1485 5122 impp,
1505 5069 1593 5124 napy,
1611 5050 1660 5106 sed
1678 5053 1728 5105 ant
1745 5048 1854 5116 imp-ris,

411 5145 475 5215 sapt
492 5147 543 5200 aut
555 5142 693 5199 vocabula
705 5141 922 5213 perscribuntur.
951 5142 1028 5197 llaec
1047 5140 1206 5210 similiaque
1223 5157 1279 5194 non
1294 5144 1360 5194 sunt
1373 5143 1488 5210 recepta
1504 5138 1532 5192 in
1544 5139 1722 5208 apparatum.
1756 5133 1856 5189 Nihilo

411 5230 503 5286 minus
520 5249 575 5286 non
593 5230 682 5286 solnm
699 5227 917 5299 subscriptiones
939 5228 1026 5284 habet
1050 5227 1148 5297 plenas
1169 5227 1226 5283 fere
1249 5228 1278 5282 et
1301 5224 1490 5297 incorruptas,
1514 5224 1562 5280 sed
1584 5221 1719 5279 lectiones
1737 5238 1855 5290 quoque,

411 5334 621 5388 saepenumero,
640 5317 672 5371 ut
689 5315 784 5385 capite
802 5318 902 5370 octavo
921 5315 1090 5378 ostendetur,
1108 5312 1295 5382 archetypum
1313 5329 1381 5382 prae
1399 5328 1429 5367 se
1447 5311 1539 5368 temnt
1557 5308 1656 5365 classis
1674 5306 1803 5363 melioria.
1822 5336 1856 5346 -

413 5405 453 5464 De
472 5402 683 5467 additamentis,
702 5419 775 5473 qnae
792 5400 879 5458 etiam
898 5400 944 5455 hic
963 5399 1100 5456 Breviarii
1118 5399 1204 5455 codex
1227 5398 1314 5455 habet
1336 5397 1373 5454 ab
1398 5398 1553 5468 archetypo
1572 5395 1679 5460 aliena,
1704 5399 1805 5466 agetur
1827 5392 1857 5447 in
