4517 6125
951 1608 1099 1674 CAPVT
1127 1608 1158 1673 N
1165 1609 1306 1676 ONVM.

522 1779 956 1865 ORTHOGRAPHIA
985 1779 1271 1863 LIBRORVM
1306 1780 1369 1862 ΕΤ
1401 1781 1739 1865 COMPENDIA.

491 1987 730 2059 orthographiam
740 1987 876 2044 librorum
888 1987 1004 2044 duorum
1016 1986 1212 2058 primariorum
1225 1986 1382 2044 RVcditio
1394 1988 1437 2044 ita
1448 1993 1649 2060 repraesentat,
1665 1991 1699 2045 ut
1716 1990 1853 2062 ambigua

406 2076 480 2133 sicut
498 2075 605 2132 tradita
626 2078 691 2130 sunt
712 2075 879 2139 reddantur,
903 2073 974 2130 vitia
996 2079 1084 2139 certa,
1107 2073 1194 2130 ctiam
1217 2092 1261 2140 aa,
1283 2074 1313 2129 in
1330 2073 1433 2144 quibus
1449 2074 1582 2131 librarius
1600 2074 1656 2131 sibi
1673 2080 1798 2142 constat,
1822 2075 1851 2129 in

405 2165 486 2219 textu
499 2161 674 2232 corrigantur
685 2161 758 2216 laisa
775 2159 915 2230 scriptura
932 2161 1023 2217 relata
1040 2161 1070 2215 in
1082 2164 1261 2232 apparatum.
1291 2160 1391 2232 Operis
1402 2160 1508 2232 integri
1521 2160 1631 2219 codices
1645 2161 1695 2218 ubi
1708 2162 1851 2227 deficiunt,

405 2253 544 2319 quatenus
562 2248 621 2304 fiori
640 2246 735 2318 potuit
753 2248 789 2302 ad
802 2247 864 2301 ΡΜ
877 2247 1097 2319 orthographica
1109 2249 1230 2303 formato
1246 2251 1312 2304 suut
1329 2247 1486 2319 suppressis
1504 2247 1608 2305 naavis
1626 2278 1660 2289 -
1678 2248 1738 2304 Hoc
1756 2247 1853 2318 capito

407 2354 441 2391 cx
454 2334 538 2390 RVT
552 2332 781 2405 orthographica,
798 2350 871 2403 quas
889 2333 1002 2403 quidem
1020 2333 1118 2404 aliqua
1136 2333 1319 2391 adnotatione
1337 2333 1424 2406 digna
1442 2353 1501 2391 asse
1520 2334 1689 2401 viderentur,
1708 2333 1853 2404 composui

406 2421 563 2486 coniuncta,
581 2420 722 2491 specimen
739 2418 850 2476 scilicet
866 2438 1044 2490 nequaquam
1056 2420 1179 2490 plenum,
1209 2419 1249 2474 Ex
1262 2419 1395 2476 breviarii
1413 2420 1494 2477 libris
1506 2421 1567 2476 ΡΜ
1583 2420 1612 2476 in
1624 2419 1853 2492 orthographicis

405 2524 460 2562 nou
483 2505 573 2562 multo
595 2505 738 2562 inferiores
756 2509 821 2561 snut
839 2504 919 2560 libris
937 2506 1021 2562 RVT
1039 2508 1068 2561 et
1090 2506 1173 2576 longe
1195 2505 1371 2561 emendatius
1392 2504 1492 2575 scripti
1513 2523 1597 2574 qnam
1616 2523 1651 2562 cx
1668 2503 1786 2576 integris
1803 2505 1852 2569 W;

406 2595 503 2648 contra
528 2593 615 2648 codar
635 2593 669 2649 Η
688 2610 739 2649 nec
764 2591 855 2647 minus
872 2592 906 2645 N
923 2595 953 2647 et
973 2591 1076 2662 reliqui
1099 2610 1193 2648 omncs
1214 2591 1310 2648 referti
1328 2594 1394 2647 sunt
1412 2590 1489 2646 vitiis
1511 2596 1541 2648 et
1562 2589 1751 2647 barbarismis.
1792 2591 1853 2662 Ego

405 2697 439 2735 cx
457 2678 501 2732 his
519 2678 647 2734 omnibus
664 2678 770 2734 selecta
787 2679 982 2734 tantummodo
1000 2677 1148 2741 adnotavi;
1171 2677 1322 2734 Hacuclius
1344 2677 1374 2733 in
1398 2680 1484 2748 praef.
1503 2679 1540 2733 ad
1557 2676 1729 2734 breviarium
1746 2695 1852 2734 erraras

406 2764 563 2835 composuit
581 2784 608 2835 p.
620 2765 682 2819 XLI
701 2783 735 2821 cx
754 2765 794 2830 Μ,
812 2783 839 2834 p.
854 2764 942 2818 XLIII
960 2783 993 2820 ex
1012 2765 1046 2829 L,
1064 2784 1092 2835 p⁴
1105 2764 1169 2818 LIII
1188 2783 1221 2820 ex
1239 2763 1366 2820 Parisino
1383 2765 1453 2821 4406
1471 2762 1623 2834 (descripto
1641 2781 1675 2818 ox
1688 2763 1738 2832 Ε).

574 2937 601 2992 V
917 2937 945 2993 R
1261 2939 1286 2993 Τ
1635 2935 1707 2992 aavt’t'

406 3043 439 3082 aa
474 3042 488 3081 c
802 3038 834 3079 aa
868 3039 882 3078 c
1094 3039 1127 3078 aa
1160 3039 1174 3079 c
1490 3041 1523 3080 aa
1556 3041 1570 3080 c

423 3112 452 3167 in
463 3110 571 3168 Latinis
584 3127 646 3165 raro
659 3127 766 3180 permu-
819 3129 881 3165 raro
901 3113 1059 3181 permutan·
1507 3110 1569 3165 ΡΜ
1585 3112 1641 3167 fora
1660 3112 1693 3165 ut
1710 3108 1817 3180 priores

441 3201 539 3253 tantur
836 3199 884 3251 tur

406 3302 440 3339 ac
457 3302 507 3355 pro
525 3301 539 3339 c
1093 3298 1125 3338 ac
1142 3300 1193 3353 pro
1211 3300 1225 3337 c
1490 3301 1521 3339 ac
1538 3300 1589 3355 pro
1606 3300 1620 3338 c
1635 3282 1747 3354 passim,
1764 3282 1851 3338 maxi·

424 3371 452 3425 in
479 3371 532 3426 fine
561 3367 703 3433 vocabuli,
734 3369 767 3422 ut
819 3369 848 3423 in
862 3370 915 3425 linc
929 3368 1059 3425 vocabuli
1113 3369 1142 3424 iu
1163 3370 1216 3425 fine
1241 3369 1371 3425 vocabuli
1394 3388 1456 3440 pas
1524 3388 1569 3425 ms
1580 3369 1621 3434 Η,
1648 3367 1677 3422 iu
1699 3385 1755 3438 quo
1777 3368 1852 3423 intar

439 3458 598 3525 manifestae
623 3484 655 3495 -
679 3452 766 3508 ricbo-
836 3455 990 3510 tnlwncaac
1025 3486 1059 3495 —
1129 3454 1182 3509 sim
1209 3455 1272 3510 litae
1298 3458 1387 3525 (corr.)
1423 3485 1455 3497 -
1524 3456 1583 3512 alia
1609 3457 1769 3511 constanter
1792 3455 1851 3511 fars

440 3560 529 3598 merae
838 3541 959 3596 inlicitae
982 3545 1007 3610 6,
1017 3542 1059 3608 35,
1129 3540 1262 3595 maatmac
1291 3571 1325 3582 -
1349 3558 1457 3611 paenae
1524 3542 1608 3597 datur
1624 3542 1721 3596 αάίαιιι

423 3630 701 3685 acdcsiaconstautcr
711 3627 767 3681 fers
838 3628 920 3693 14,11
1130 3628 1220 3695 (corr.)
1238 3656 1271 3666 -
1288 3642 1357 3694 quac
1368 3625 1456 3682 'oncli-

441 3715 559 3782 (coelcaia
569 3714 686 3779 16,5,52,
695 3712 764 3766 18-
819 3714 946 3782 pochim
963 3731 1025 3769 raro
1130 3712 1187 3770 ticc
1206 3711 1388 3782 (saepissime,
1406 3712 1455 3767 ssd

442 3803 482 3866 16,
492 3803 516 3865 5,
526 3801 568 3865 66,
579 3799 639 3862 *12;
675 3796 767 3852 eclesia
815 3800 992 3868 praetendere
1129 3816 1214 3869 saepo
1235 3799 1401 3867 correctum)
1423 3827 1456 3837 -

442 3889 482 3952 16,
492 3890 517 3953 5,
527 3889 568 3951 65,
579 3887 607 3956 3)
814 3886 950 3955 praetium
968 3904 1031 3942 raro
1129 3886 1298 3953 quantitatar
1314 3915 1347 3924 -
1365 3884 1457 3940 solitae

424 3975 546 4029 accalcas
820 3973 1006 4041 pomorania
1130 4002 1163 4011 -
1181 3970 1317 4026 stadwsac

419 4076 527 4129 pacatos,
541 4058 670 4129 paenitus
687 4077 750 4113 raro
819 4063 950 4113 amtor
996 4060 1020 4124 6,
1034 4060 1058 4126 4,
1112 4057 1223 4111 aeclesia
1271 4087 1303 4095 —
1355 4057 1456 4124 ardere,

420 4163 516 4217 praec·
548 4146 767 4215 (depraecamur)
836 4146 885 4210 8,1
906 4164 974 4201 corr.
1129 4143 1228 4198 cedato
1257 4173 1290 4183 -
1321 4144 1457 4200 aadictalt's

441 4251 503 4288 raro
820 4233 1011 4289 tamaosotur
1034 4235 1058 4300 6,
1129 4259 1164 4269 —
1187 4246 1291 4299 aequas
1316 4260 1349 4270 -
1373 4231 1456 4286 iater-

419 4319 556 4388 praotium
573 4338 636 4375 raro
837 4319 940 4388 2,15‚3
1126 4317 1456 4387 pradalia-paenos-

425 4407 568 4474 quaerella‚
583 4405 768 4475 qaooa'vaonia
1125 4404 1456 4474 paenitus-procces-

442 4491 593 4560 aliquotics
1125 4488 1309 4559 praendere
1331 4506 1393 4543 cum
1411 4489 1456 4544 de-

1128 4573 1228 4630 rivatis
1251 4576 1307 4631 Iera
1330 4579 1456 4630 constan·

1130 4666 1174 4717 ter
1201 4690 1234 4700 -
1259 4676 1396 4729 praemere
1421 4688 1456 4699 -

1125 4746 1263 4816 praetium
1280 4746 1444 4816 plcrumqus

408 4852 421 4890 c
440 4853 490 4905 pro
508 4852 541 4888 ac
558 4854 620 4890 raro
804 4849 885 4903 cpro
903 4848 936 4886 ac
953 4850 1015 4888 raro
1095 4850 1109 4887 c
1127 4850 1178 4903 pro
1196 4848 1228 4886 ac
1491 4832 1720 4901 eproacrarius.
1749 4833 1781 4889 ln
1792 4834 1855 4888 ΡΜ

425 4937 506 4988 opacas
526 4921 679 4984 11,36,7,6
821 4919 902 4974 elicito
1111 4916 1455 4975 iufinevocabulilate-
1525 4920 1686 4975 constanter
1718 4920 1776 4976 fera
1808 4923 1852 4976 est

425 5005 765 5070 minavioV²11,14‚l,11
821 5005 974 5059 {abactam
999 5005 1022 5068 7,
1038 5005 1060 5069 1,
1129 5010 1216 5059 nostra
1241 5035 1274 5044 —
1295 5003 1398 5073 pracda
1422 5035 1456 5044 —
1524 5002 1608 5059 laicae

424 5092 524 5147 barasa
539 5093 595 5147 foro
609 5093 769 5147 constanter
837 5091 886 5155 5‚1
1129 5106 1179 5160 gae
1197 5088 1301 5161 passim

442 5179 571 5248 (Μιτιιὶι
589 5179 628 5244 16,
641 5178 769 5246 5,54,*6)
817 5174 998 5248 prostantium
1010 5177 1061 5245 7,4
1112 5177 1216 5247 opattas
1241 5204 1275 5216 -
1300 5176 1400 5231 celestis
1422 5208 1456 5217 —

425 5267 495 5321 Issus
838 5264 906 5329 23,5
1129 5264 1296 5319 ootcrcvo-
1309 5278 1457 5333 weseram

1130 5377 1164 5389 -
1178 5364 1248 5417 noae
1265 5378 1298 5389 -
1312 5350 1445 5417 pronam
