<?xml version="1.0" encoding="UTF-8"?>
<!DOCTYPE html PUBLIC "-//W3C//DTD XHTML 1.0 Transitional//EN"
    "http://www.w3.org/TR/xhtml1/DTD/xhtml1-transitional.dtd">
<html xmlns="http://www.w3.org/1999/xhtml" xml:lang="en" lang="en">
 <head>
  <title>
</title>
<meta http-equiv="Content-Type" content="text/html;charset=utf-8" />
  <meta name='ocr-system' content='tesseract 3.04.00' />
  <meta name='ocr-capabilities' content='ocr_page ocr_carea ocr_par ocr_line ocrx_word'/>
</head>
<body>
  <div class='ocr_page' id='page_1' title='image "./theodosianilibr00sirmgoog_0129.png"; bbox 0 0 4517 6125; ppageno 0'>
   <div class='ocr_carea' id='block_1_1' title="bbox 1017 531 1243 590">
    <p class='ocr_par' dir='ltr' id='par_1_1' title="bbox 1017 531 1243 590">
     <span class='ocr_line' id='line_1_1' title="bbox 1017 531 1243 590; baseline -0.004 0"><span class='ocrx_word' id='word_1_1' title='bbox 1017 562 1050 575; x_wconf 95' lang='lat'><em>-</em></span> <span class='ocrx_word' id='word_1_2' title='bbox 1086 531 1175 590; x_wconf 81' lang='lat' dir='ltr'>CXXI</span> <span class='ocrx_word' id='word_1_3' title='bbox 1209 563 1243 575; x_wconf 93' lang='lat'>—-</span> 
     </span>
    </p>
   </div>
   <div class='ocr_carea' id='block_1_2' title="bbox 401 684 1850 2059">
    <p class='ocr_par' dir='ltr' id='par_1_2' title="bbox 401 684 1850 2059">
     <span class='ocr_line' id='line_1_2' title="bbox 401 684 1849 764; baseline 0.003 -20"><span class='ocrx_word' id='word_1_4' title='bbox 401 687 495 744; x_wconf 79' lang='lat' dir='ltr'>tabilis</span> <span class='ocrx_word' id='word_1_5' title='bbox 512 685 660 761; x_wconf 89' lang='lat' dir='ltr'>proconsul</span> <span class='ocrx_word' id='word_1_6' title='bbox 677 684 790 743; x_wconf 81' lang='lat' dir='ltr'>Africae</span> <span class='ocrx_word' id='word_1_7' title='bbox 807 693 965 757; x_wconf 85' lang='lat' dir='ltr'>moneatur,</span> <span class='ocrx_word' id='word_1_8' title='bbox 991 693 1024 746; x_wconf 90' lang='lat' dir='ltr'>ut</span> <span class='ocrx_word' id='word_1_9' title='bbox 1041 691 1077 745; x_wconf 90' lang='lat' dir='ltr'>ad</span> <span class='ocrx_word' id='word_1_10' title='bbox 1180 708 1245 747; x_wconf 88' lang='lat' dir='ltr'>nere</span> <span class='ocrx_word' id='word_1_11' title='bbox 1262 689 1461 762; x_wconf 70' lang='lat' dir='ltr'>praecipiatur,</span> <span class='ocrx_word' id='word_1_12' title='bbox 1480 691 1605 762; x_wconf 81' lang='lat' dir='ltr'>exceptis</span> <span class='ocrx_word' id='word_1_13' title='bbox 1623 695 1717 749; x_wconf 87' lang='lat' dir='ltr'>tamon</span> <span class='ocrx_word' id='word_1_14' title='bbox 1735 692 1788 760; x_wconf 89' lang='lat' dir='ltr'>his,</span> <span class='ocrx_word' id='word_1_15' title='bbox 1800 693 1849 764; x_wconf 89' lang='lat' dir='ltr'>qui</span> 
     </span>
     <span class='ocr_line' id='line_1_3' title="bbox 403 775 1848 850; baseline 0.001 -18"><span class='ocrx_word' id='word_1_16' title='bbox 403 776 593 832; x_wconf 83' lang='lat' dir='ltr'>excludendas</span> <span class='ocrx_word' id='word_1_17' title='bbox 610 775 722 830; x_wconf 77' lang='lat' dir='ltr'>fraudes</span> <span class='ocrx_word' id='word_1_18' title='bbox 745 793 799 830; x_wconf 93' lang='lat' dir='ltr'>uuo</span> <span class='ocrx_word' id='word_1_19' title='bbox 817 794 903 843; x_wconf 88' lang='lat' dir='ltr'>anno,</span> <span class='ocrx_word' id='word_1_20' title='bbox 926 795 981 832; x_wconf 89' lang='lat' dir='ltr'>non</span> <span class='ocrx_word' id='word_1_21' title='bbox 1004 777 1077 848; x_wconf 89' lang='lat' dir='ltr'>plus,</span> <span class='ocrx_word' id='word_1_22' title='bbox 1181 777 1326 848; x_wconf 78' lang='lat' dir='ltr'>palatinae</span> <span class='ocrx_word' id='word_1_23' title='bbox 1337 777 1456 833; x_wconf 86' lang='lat' dir='ltr'>militiae</span> <span class='ocrx_word' id='word_1_24' title='bbox 1466 778 1623 850; x_wconf 78' lang='lat' dir='ltr'>privilegiis</span> <span class='ocrx_word' id='word_1_25' title='bbox 1632 781 1795 836; x_wconf 75' lang='lat' dir='ltr'>muniuntur</span> <span class='ocrx_word' id='word_1_26' title='bbox 1805 782 1848 836; x_wconf 92' lang='lat' dir='ltr'>vel</span> 
     </span>
     <span class='ocr_line' id='line_1_4' title="bbox 403 860 1848 933; baseline 0.004 -17"><span class='ocrx_word' id='word_1_27' title='bbox 403 863 478 917; x_wconf 86' lang='lat' dir='ltr'>haec</span> <span class='ocrx_word' id='word_1_28' title='bbox 496 860 649 919; x_wconf 70' lang='lat' dir='ltr'>necessitas</span> <span class='ocrx_word' id='word_1_29' title='bbox 667 867 840 932; x_wconf 88' lang='lat' dir='ltr'>procuratur,</span> <span class='ocrx_word' id='word_1_30' title='bbox 860 863 902 918; x_wconf 88' lang='lat' dir='ltr'>ita</span> <span class='ocrx_word' id='word_1_31' title='bbox 920 868 1026 926; x_wconf 90' lang='lat' dir='ltr'>tamen,</span> <span class='ocrx_word' id='word_1_32' title='bbox 1046 866 1078 916; x_wconf 89' lang='lat' dir='ltr'>ut</span> <span class='ocrx_word' id='word_1_33' title='bbox 1180 863 1229 933; x_wconf 90' lang='lat' dir='ltr'>qui</span> <span class='ocrx_word' id='word_1_34' title='bbox 1257 862 1356 919; x_wconf 87' lang='lat' dir='ltr'>officiis</span> <span class='ocrx_word' id='word_1_35' title='bbox 1383 882 1416 918; x_wconf 90' lang='lat' dir='ltr'>ac</span> <span class='ocrx_word' id='word_1_36' title='bbox 1443 863 1605 921; x_wconf 86' lang='lat' dir='ltr'>ministeriis</span> <span class='ocrx_word' id='word_1_37' title='bbox 1630 866 1722 922; x_wconf 82' lang='lat' dir='ltr'>functi</span> <span class='ocrx_word' id='word_1_38' title='bbox 1748 868 1848 923; x_wconf 89' lang='lat' dir='ltr'>merito</span> 
     </span>
     <span class='ocr_line' id='line_1_5' title="bbox 404 947 1849 1022; baseline 0.002 -17"><span class='ocrx_word' id='word_1_39' title='bbox 404 947 558 1005; x_wconf 79' lang='lat' dir='ltr'>creationis</span> <span class='ocrx_word' id='word_1_40' title='bbox 573 947 729 1018; x_wconf 88' lang='lat' dir='ltr'>periculum</span> <span class='ocrx_word' id='word_1_41' title='bbox 747 949 968 1019; x_wconf 89' lang='lat' dir='ltr'>aproconsulari</span> <span class='ocrx_word' id='word_1_42' title='bbox 986 949 1077 1003; x_wconf 83' lang='lat' dir='ltr'>officio</span> <span class='ocrx_word' id='word_1_43' title='bbox 1181 949 1391 1020; x_wconf 82' lang='lat' dir='ltr'>stipendiorum,</span> <span class='ocrx_word' id='word_1_44' title='bbox 1408 951 1498 1004; x_wconf 70' lang='lat' dir='ltr'>manto</span> <span class='ocrx_word' id='word_1_45' title='bbox 1510 951 1659 1022; x_wconf 80' lang='lat' dir='ltr'>dignitatis</span> <span class='ocrx_word' id='word_1_46' title='bbox 1675 956 1804 1008; x_wconf 90' lang='lat' dir='ltr'>ornatum</span> <span class='ocrx_word' id='word_1_47' title='bbox 1821 970 1849 1008; x_wconf 87' lang='lat' dir='ltr'>se</span> 
     </span>
     <span class='ocr_line' id='line_1_6' title="bbox 402 1035 1849 1106; baseline 0.003 -16"><span class='ocrx_word' id='word_1_48' title='bbox 402 1053 461 1090; x_wconf 91' lang='lat' dir='ltr'>non</span> <span class='ocrx_word' id='word_1_49' title='bbox 478 1035 601 1091; x_wconf 85' lang='lat' dir='ltr'>recedat.</span> <span class='ocrx_word' id='word_1_50' title='bbox 787 1042 789 1044; x_wconf 77' lang='grc'>’</span> <span class='ocrx_word' id='word_1_51' title='bbox 1180 1036 1339 1106; x_wconf 84' lang='lat' dir='ltr'>adprobant</span> <span class='ocrx_word' id='word_1_52' title='bbox 1355 1041 1524 1103; x_wconf 85' lang='lat' dir='ltr'>consecutos,</span> <span class='ocrx_word' id='word_1_53' title='bbox 1544 1037 1586 1093; x_wconf 88' lang='lat' dir='ltr'>ita</span> <span class='ocrx_word' id='word_1_54' title='bbox 1605 1043 1707 1103; x_wconf 71' lang='lat' dir='ltr'>tamen</span> <span class='ocrx_word' id='word_1_55' title='bbox 1726 1043 1758 1094; x_wconf 91' lang='lat' dir='ltr'>ut</span> <span class='ocrx_word' id='word_1_56' title='bbox 1776 1057 1849 1095; x_wconf 89' lang='lat' dir='ltr'>crea·</span> 
     </span>
     <span class='ocr_line' id='line_1_7' title="bbox 439 1121 1849 1193; baseline 0.003 -16"><span class='ocrx_word' id='word_1_57' title='bbox 439 1122 505 1178; x_wconf 81' lang='lat' dir='ltr'>Dat</span> <span class='ocrx_word' id='word_1_58' title='bbox 518 1121 600 1176; x_wconf 81' lang='lat' dir='ltr'><strong>XIIII</strong></span> <span class='ocrx_word' id='word_1_59' title='bbox 618 1122 646 1176; x_wconf 84' lang='lat' dir='ltr'>lr.</span> <span class='ocrx_word' id='word_1_60' title='bbox 659 1122 725 1178; x_wconf 71' lang='grc' dir='ltr'>Μαί,</span> <span class='ocrx_word' id='word_1_61' title='bbox 738 1122 811 1178; x_wconf 84' lang='lat' dir='ltr'>bled.</span> <span class='ocrx_word' id='word_1_62' title='bbox 826 1121 1027 1178; x_wconf 88' lang='lat' dir='ltr'>Valentiniano</span> <span class='ocrx_word' id='word_1_63' title='bbox 1046 1127 1075 1177; x_wconf 88' lang='lat' dir='ltr'>ct</span> <span class='ocrx_word' id='word_1_64' title='bbox 1181 1121 1266 1177; x_wconf 91' lang='lat' dir='ltr'>tionis</span> <span class='ocrx_word' id='word_1_65' title='bbox 1280 1122 1434 1193; x_wconf 87' lang='lat' dir='ltr'>periculum</span> <span class='ocrx_word' id='word_1_66' title='bbox 1448 1141 1465 1178; x_wconf 93' lang='lat' dir='ltr'>a</span> <span class='ocrx_word' id='word_1_67' title='bbox 1478 1125 1668 1193; x_wconf 80' lang='lat' dir='ltr'>proconsulari</span> <span class='ocrx_word' id='word_1_68' title='bbox 1687 1125 1777 1181; x_wconf 86' lang='lat' dir='ltr'>officio</span> <span class='ocrx_word' id='word_1_69' title='bbox 1795 1143 1849 1181; x_wconf 90' lang='lat' dir='ltr'>non</span> 
     </span>
     <span class='ocr_line' id='line_1_8' title="bbox 404 1208 1302 1265; baseline 0.001 -1"><span class='ocrx_word' id='word_1_70' title='bbox 404 1209 529 1264; x_wconf 79' lang='lat' dir='ltr'>Valente</span> <span class='ocrx_word' id='word_1_71' title='bbox 547 1208 605 1264; x_wconf 82' lang='grc' dir='ltr'>ΔΑ.</span> <span class='ocrx_word' id='word_1_72' title='bbox 624 1227 712 1265; x_wconf 89' lang='lat' dir='ltr'>conss.</span> <span class='ocrx_word' id='word_1_73' title='bbox 1180 1209 1302 1265; x_wconf 82' lang='lat' dir='ltr'>recedat.</span> 
     </span>
     <span class='ocr_line' id='line_1_9' title="bbox 1214 1295 1849 1353; baseline 0.006 -4"><span class='ocrx_word' id='word_1_74' title='bbox 1214 1295 1278 1350; x_wconf 89' lang='lat' dir='ltr'>Dat.</span> <span class='ocrx_word' id='word_1_75' title='bbox 1289 1295 1369 1351; x_wconf 82' lang='lat' dir='ltr'><strong>XIIII</strong></span> <span class='ocrx_word' id='word_1_76' title='bbox 1382 1297 1409 1350; x_wconf 81' lang='lat' dir='ltr'>lx.</span> <span class='ocrx_word' id='word_1_77' title='bbox 1419 1296 1678 1352; x_wconf 89' lang='lat' dir='ltr'>Iul.Valentiuiano</span> <span class='ocrx_word' id='word_1_78' title='bbox 1691 1301 1720 1352; x_wconf 91' lang='lat' dir='ltr'>et</span> <span class='ocrx_word' id='word_1_79' title='bbox 1729 1296 1849 1353; x_wconf 77' lang='lat' dir='ltr'>Valente</span> 
     </span>
     <span class='ocr_line' id='line_1_10' title="bbox 1180 1381 1344 1438; baseline 0 -2"><span class='ocrx_word' id='word_1_80' title='bbox 1180 1381 1238 1436; x_wconf 75' lang='lat' dir='ltr'>An.</span> <span class='ocrx_word' id='word_1_81' title='bbox 1257 1399 1344 1438; x_wconf 89' lang='lat' dir='ltr'>conss.</span> 
     </span>
     <span class='ocr_line' id='line_1_11' title="bbox 404 1467 1850 1540; baseline 0.001 -18"><span class='ocrx_word' id='word_1_82' title='bbox 404 1467 525 1523; x_wconf 89' lang='lat' dir='ltr'>Omnino</span> <span class='ocrx_word' id='word_1_83' title='bbox 544 1468 717 1539; x_wconf 82' lang='lat' dir='ltr'>corruptelas</span> <span class='ocrx_word' id='word_1_84' title='bbox 735 1467 871 1538; x_wconf 90' lang='lat' dir='ltr'>plurimas</span> <span class='ocrx_word' id='word_1_85' title='bbox 896 1471 925 1524; x_wconf 94' lang='lat' dir='ltr'>et</span> <span class='ocrx_word' id='word_1_86' title='bbox 946 1467 1128 1539; x_wconf 77' lang='lat' dir='ltr'>gravissimas</span> <span class='ocrx_word' id='word_1_87' title='bbox 1147 1468 1394 1524; x_wconf 80' lang='lat' dir='ltr'>constitutionibus</span> <span class='ocrx_word' id='word_1_88' title='bbox 1412 1468 1511 1523; x_wconf 85' lang='lat' dir='ltr'>insitas</span> <span class='ocrx_word' id='word_1_89' title='bbox 1532 1468 1623 1525; x_wconf 89' lang='lat' dir='ltr'>redire</span> <span class='ocrx_word' id='word_1_90' title='bbox 1646 1470 1682 1524; x_wconf 87' lang='lat' dir='ltr'>ad</span> <span class='ocrx_word' id='word_1_91' title='bbox 1703 1470 1779 1539; x_wconf 88' lang='lat' dir='ltr'>ipsos</span> <span class='ocrx_word' id='word_1_92' title='bbox 1796 1471 1850 1540; x_wconf 85' lang='lat' dir='ltr'>syl·</span> 
     </span>
     <span class='ocr_line' id='line_1_12' title="bbox 405 1553 1850 1625; baseline 0.001 -17"><span class='ocrx_word' id='word_1_93' title='bbox 405 1555 488 1625; x_wconf 73' lang='lat' dir='ltr'>lagae</span> <span class='ocrx_word' id='word_1_94' title='bbox 507 1554 706 1624; x_wconf 87' lang='lat' dir='ltr'>compilatores</span> <span class='ocrx_word' id='word_1_95' title='bbox 725 1553 891 1610; x_wconf 82' lang='lat' dir='ltr'>confirmant</span> <span class='ocrx_word' id='word_1_96' title='bbox 909 1554 983 1610; x_wconf 91' lang='lat' dir='ltr'>inter</span> <span class='ocrx_word' id='word_1_97' title='bbox 1000 1555 1058 1609; x_wconf 90' lang='lat' dir='ltr'>alia</span> <span class='ocrx_word' id='word_1_98' title='bbox 1076 1556 1147 1609; x_wconf 91' lang='lat' dir='ltr'>duae</span> <span class='ocrx_word' id='word_1_99' title='bbox 1166 1556 1263 1610; x_wconf 89' lang='lat' dir='ltr'>eodem</span> <span class='ocrx_word' id='word_1_100' title='bbox 1281 1555 1327 1609; x_wconf 92' lang='lat' dir='ltr'>die</span> <span class='ocrx_word' id='word_1_101' title='bbox 1345 1554 1461 1611; x_wconf 88' lang='lat' dir='ltr'>emissae</span> <span class='ocrx_word' id='word_1_102' title='bbox 1480 1556 1571 1611; x_wconf 91' lang='lat' dir='ltr'>altera</span> <span class='ocrx_word' id='word_1_103' title='bbox 1583 1556 1618 1622; x_wconf 88' lang='grc'>(8,</span> <span class='ocrx_word' id='word_1_104' title='bbox 1629 1557 1652 1623; x_wconf 83' lang='grc'>7,</span> <span class='ocrx_word' id='word_1_105' title='bbox 1664 1557 1707 1624; x_wconf 85' lang='grc'>13)</span> <span class='ocrx_word' id='word_1_106' title='bbox 1720 1556 1756 1610; x_wconf 88' lang='lat' dir='ltr'>ad</span> <span class='ocrx_word' id='word_1_107' title='bbox 1769 1557 1850 1610; x_wconf 87' lang='lat' dir='ltr'>comi-</span> 
     </span>
     <span class='ocr_line' id='line_1_13' title="bbox 404 1640 1850 1712; baseline 0.001 -16"><span class='ocrx_word' id='word_1_108' title='bbox 404 1643 464 1696; x_wconf 85' lang='lat' dir='ltr'>tem</span> <span class='ocrx_word' id='word_1_109' title='bbox 481 1640 603 1705; x_wconf 83' lang='lat' dir='ltr'>Africae,</span> <span class='ocrx_word' id='word_1_110' title='bbox 622 1641 713 1695; x_wconf 85' lang='lat' dir='ltr'>altera</span> <span class='ocrx_word' id='word_1_111' title='bbox 730 1641 766 1706; x_wconf 82' lang='lat'>(8,</span> <span class='ocrx_word' id='word_1_112' title='bbox 777 1643 801 1705; x_wconf 81' lang='lat'>7,</span> <span class='ocrx_word' id='word_1_113' title='bbox 813 1642 856 1706; x_wconf 80' lang='lat'>12)</span> <span class='ocrx_word' id='word_1_114' title='bbox 875 1642 911 1696; x_wconf 90' lang='lat' dir='ltr'>ad</span> <span class='ocrx_word' id='word_1_115' title='bbox 929 1641 989 1696; x_wconf 91' lang='lat' dir='ltr'>eius</span> <span class='ocrx_word' id='word_1_116' title='bbox 1007 1642 1200 1712; x_wconf 88' lang='lat' dir='ltr'>proconsulem</span> <span class='ocrx_word' id='word_1_117' title='bbox 1218 1659 1395 1711; x_wconf 89' lang='lat' dir='ltr'>nequaquam</span> <span class='ocrx_word' id='word_1_118' title='bbox 1413 1641 1487 1697; x_wconf 87' lang='lat' dir='ltr'>inter</span> <span class='ocrx_word' id='word_1_119' title='bbox 1504 1659 1533 1697; x_wconf 87' lang='lat' dir='ltr'>se</span> <span class='ocrx_word' id='word_1_120' title='bbox 1551 1642 1763 1706; x_wconf 88' lang='lat' dir='ltr'>consentientes,</span> <span class='ocrx_word' id='word_1_121' title='bbox 1781 1643 1850 1699; x_wconf 86' lang='lat' dir='ltr'>item</span> 
     </span>
     <span class='ocr_line' id='line_1_14' title="bbox 405 1727 1850 1799; baseline 0.001 -18"><span class='ocrx_word' id='word_1_122' title='bbox 405 1728 451 1782; x_wconf 85' lang='lat' dir='ltr'>lex</span> <span class='ocrx_word' id='word_1_123' title='bbox 470 1727 664 1783; x_wconf 86' lang='lat' dir='ltr'>Valentiniani</span> <span class='ocrx_word' id='word_1_124' title='bbox 691 1727 702 1780; x_wconf 96' lang='lat' dir='ltr'>l</span> <span class='ocrx_word' id='word_1_125' title='bbox 727 1727 762 1781; x_wconf 89' lang='lat' dir='ltr'>ds</span> <span class='ocrx_word' id='word_1_126' title='bbox 786 1727 886 1782; x_wconf 89' lang='lat' dir='ltr'>suariis</span> <span class='ocrx_word' id='word_1_127' title='bbox 910 1728 949 1793; x_wconf 83' lang='lat'>14,</span> <span class='ocrx_word' id='word_1_128' title='bbox 961 1729 1016 1793; x_wconf 80' lang='lat'>4,4</span> <span class='ocrx_word' id='word_1_129' title='bbox 1040 1727 1069 1782; x_wconf 94' lang='lat' dir='ltr'>in</span> <span class='ocrx_word' id='word_1_130' title='bbox 1094 1728 1186 1783; x_wconf 88' lang='lat' dir='ltr'>tribus</span> <span class='ocrx_word' id='word_1_131' title='bbox 1209 1728 1352 1784; x_wconf 86' lang='lat' dir='ltr'>codicibus</span> <span class='ocrx_word' id='word_1_132' title='bbox 1375 1728 1467 1782; x_wconf 85' lang='lat' dir='ltr'>VI&#39;W</span> <span class='ocrx_word' id='word_1_133' title='bbox 1486 1727 1592 1799; x_wconf 83' lang='lat' dir='ltr'>pariter</span> <span class='ocrx_word' id='word_1_134' title='bbox 1616 1728 1735 1792; x_wconf 89' lang='lat' dir='ltr'>tradita,</span> <span class='ocrx_word' id='word_1_135' title='bbox 1760 1733 1792 1783; x_wconf 90' lang='lat' dir='ltr'>ut</span> <span class='ocrx_word' id='word_1_136' title='bbox 1816 1730 1850 1784; x_wconf 89' lang='lat' dir='ltr'>de</span> 
     </span>
     <span class='ocr_line' id='line_1_15' title="bbox 405 1812 1850 1884; baseline 0.002 -18"><span class='ocrx_word' id='word_1_137' title='bbox 405 1812 529 1867; x_wconf 89' lang='lat' dir='ltr'>lectione</span> <span class='ocrx_word' id='word_1_138' title='bbox 548 1812 673 1868; x_wconf 87' lang='lat' dir='ltr'>dubitari</span> <span class='ocrx_word' id='word_1_139' title='bbox 695 1818 830 1881; x_wconf 88' lang='lat' dir='ltr'>nequeat,</span> <span class='ocrx_word' id='word_1_140' title='bbox 855 1815 959 1870; x_wconf 87' lang='lat' dir='ltr'>collata</span> <span class='ocrx_word' id='word_1_141' title='bbox 981 1832 1044 1869; x_wconf 91' lang='lat' dir='ltr'>cum</span> <span class='ocrx_word' id='word_1_142' title='bbox 1068 1813 1161 1870; x_wconf 91' lang='lat' dir='ltr'>edicto</span> <span class='ocrx_word' id='word_1_143' title='bbox 1180 1815 1334 1884; x_wconf 83' lang='lat' dir='ltr'>Aproniani</span> <span class='ocrx_word' id='word_1_144' title='bbox 1352 1814 1495 1870; x_wconf 87' lang='lat' dir='ltr'>simillimo</span> <span class='ocrx_word' id='word_1_145' title='bbox 1513 1818 1543 1869; x_wconf 94' lang='lat' dir='ltr'>et</span> <span class='ocrx_word' id='word_1_146' title='bbox 1560 1815 1680 1884; x_wconf 87' lang='lat' dir='ltr'>aequali.</span> <span class='ocrx_word' id='word_1_147' title='bbox 1714 1815 1850 1884; x_wconf 84' lang='lat' dir='ltr'>Equidem</span> 
     </span>
     <span class='ocr_line' id='line_1_16' title="bbox 405 1899 1850 1971; baseline 0.002 -18"><span class='ocrx_word' id='word_1_148' title='bbox 405 1899 430 1953; x_wconf 90' lang='lat' dir='ltr'>si</span> <span class='ocrx_word' id='word_1_149' title='bbox 452 1917 524 1968; x_wconf 92' lang='lat' dir='ltr'>quas</span> <span class='ocrx_word' id='word_1_150' title='bbox 549 1899 610 1954; x_wconf 88' lang='lat' dir='ltr'>eius</span> <span class='ocrx_word' id='word_1_151' title='bbox 635 1899 745 1971; x_wconf 77' lang='lat' dir='ltr'>generis</span> <span class='ocrx_word' id='word_1_152' title='bbox 768 1901 883 1956; x_wconf 91' lang='lat' dir='ltr'>mendas</span> <span class='ocrx_word' id='word_1_153' title='bbox 908 1904 984 1956; x_wconf 89' lang='lat' dir='ltr'>certo</span> <span class='ocrx_word' id='word_1_154' title='bbox 1008 1902 1215 1970; x_wconf 86' lang='lat' dir='ltr'>deprehendere</span> <span class='ocrx_word' id='word_1_155' title='bbox 1240 1901 1309 1956; x_wconf 90' lang='lat' dir='ltr'>mihi</span> <span class='ocrx_word' id='word_1_156' title='bbox 1334 1901 1409 1956; x_wconf 88' lang='lat' dir='ltr'>visus</span> <span class='ocrx_word' id='word_1_157' title='bbox 1434 1919 1507 1967; x_wconf 89' lang='lat' dir='ltr'>sum,</span> <span class='ocrx_word' id='word_1_158' title='bbox 1534 1919 1552 1955; x_wconf 88' lang='lat' dir='ltr'>a</span> <span class='ocrx_word' id='word_1_159' title='bbox 1575 1900 1708 1956; x_wconf 89' lang='lat' dir='ltr'>tollendis</span> <span class='ocrx_word' id='word_1_160' title='bbox 1732 1900 1773 1957; x_wconf 90' lang='lat' dir='ltr'>eis</span> <span class='ocrx_word' id='word_1_161' title='bbox 1796 1919 1850 1956; x_wconf 90' lang='lat' dir='ltr'>non</span> 
     </span>
     <span class='ocr_line' id='line_1_17' title="bbox 406 1986 1192 2059; baseline 0 -18"><span class='ocrx_word' id='word_1_162' title='bbox 406 2003 517 2056; x_wconf 90' lang='lat' dir='ltr'>semper</span> <span class='ocrx_word' id='word_1_163' title='bbox 536 1986 661 2042; x_wconf 88' lang='lat' dir='ltr'>abstinui</span> <span class='ocrx_word' id='word_1_164' title='bbox 681 1988 824 2043; x_wconf 90' lang='lat' dir='ltr'>commode</span> <span class='ocrx_word' id='word_1_165' title='bbox 842 1988 933 2059; x_wconf 81' lang='lat' dir='ltr'>magis</span> <span class='ocrx_word' id='word_1_166' title='bbox 951 2006 1034 2057; x_wconf 91' lang='lat' dir='ltr'>quam</span> <span class='ocrx_word' id='word_1_167' title='bbox 1053 1987 1192 2058; x_wconf 81' lang='lat' dir='ltr'>religiose.</span> 
     </span>
    </p>
   </div>
   <div class='ocr_carea' id='block_1_3' title="bbox 578 2143 1681 2210">
    <p class='ocr_par' dir='ltr' id='par_1_3' title="bbox 578 2143 1681 2210">
     <span class='ocr_line' id='line_1_18' title="bbox 578 2143 1681 2210; baseline 0.001 -3"><span class='ocrx_word' id='word_1_168' title='bbox 578 2143 1125 2210; x_wconf 73' lang='lat' dir='ltr'>11.V1T1AltxuMPLaRIVM</span> <span class='ocrx_word' id='word_1_169' title='bbox 1153 2143 1460 2209; x_wconf 79' lang='lat' dir='ltr'>THEODOSIANI</span> <span class='ocrx_word' id='word_1_170' title='bbox 1486 2143 1681 2210; x_wconf 74' lang='lat' dir='ltr'><strong>IN&#39;I&#39;IIGRI.</strong></span> 
     </span>
    </p>
   </div>
   <div class='ocr_carea' id='block_1_4' title="bbox 403 2262 1854 3979">
    <p class='ocr_par' dir='ltr' id='par_1_4' title="bbox 403 2262 1854 3979">
     <span class='ocr_line' id='line_1_19' title="bbox 497 2262 1851 2338; baseline 0.002 -22"><span class='ocrx_word' id='word_1_171' title='bbox 497 2262 677 2333; x_wconf 85' lang='lat' dir='ltr'>Exemplaria</span> <span class='ocrx_word' id='word_1_172' title='bbox 693 2263 881 2321; x_wconf 81' lang='lat' dir='ltr'>Theodosiaui</span> <span class='ocrx_word' id='word_1_173' title='bbox 900 2265 1011 2337; x_wconf 79' lang='lat' dir='ltr'>integri,</span> <span class='ocrx_word' id='word_1_174' title='bbox 1030 2283 1101 2334; x_wconf 88' lang='lat' dir='ltr'>quae</span> <span class='ocrx_word' id='word_1_175' title='bbox 1120 2271 1171 2321; x_wconf 89' lang='lat' dir='ltr'>aut</span> <span class='ocrx_word' id='word_1_176' title='bbox 1188 2284 1221 2320; x_wconf 91' lang='lat' dir='ltr'>ex</span> <span class='ocrx_word' id='word_1_177' title='bbox 1239 2269 1321 2336; x_wconf 86' lang='lat' dir='ltr'>parte</span> <span class='ocrx_word' id='word_1_178' title='bbox 1338 2271 1487 2336; x_wconf 87' lang='lat' dir='ltr'>supersunt</span> <span class='ocrx_word' id='word_1_179' title='bbox 1505 2265 1568 2336; x_wconf 90' lang='lat' dir='ltr'>ipsa</span> <span class='ocrx_word' id='word_1_180' title='bbox 1585 2268 1636 2321; x_wconf 92' lang='lat' dir='ltr'>aut</span> <span class='ocrx_word' id='word_1_181' title='bbox 1653 2283 1703 2336; x_wconf 90' lang='lat' dir='ltr'>per</span> <span class='ocrx_word' id='word_1_182' title='bbox 1721 2265 1851 2338; x_wconf 79' lang='lat' dir='ltr'>propagi-</span> 
     </span>
     <span class='ocr_line' id='line_1_20' title="bbox 407 2350 1851 2423; baseline 0.003 -19"><span class='ocrx_word' id='word_1_183' title='bbox 407 2367 470 2406; x_wconf 88' lang='lat' dir='ltr'>nem</span> <span class='ocrx_word' id='word_1_184' title='bbox 490 2368 569 2405; x_wconf 84' lang='lat' dir='ltr'>suam</span> <span class='ocrx_word' id='word_1_185' title='bbox 588 2350 669 2406; x_wconf 89' lang='lat' dir='ltr'>nobis</span> <span class='ocrx_word' id='word_1_186' title='bbox 687 2351 877 2416; x_wconf 86' lang='lat' dir='ltr'>innotuerunt,</span> <span class='ocrx_word' id='word_1_187' title='bbox 896 2370 1065 2422; x_wconf 79' lang='lat' dir='ltr'>magnopere</span> <span class='ocrx_word' id='word_1_188' title='bbox 1083 2353 1255 2423; x_wconf 88' lang='lat' dir='ltr'>discrepasse</span> <span class='ocrx_word' id='word_1_189' title='bbox 1273 2370 1327 2407; x_wconf 91' lang='lat' dir='ltr'>nou</span> <span class='ocrx_word' id='word_1_190' title='bbox 1345 2356 1389 2408; x_wconf 89' lang='lat' dir='ltr'>est</span> <span class='ocrx_word' id='word_1_191' title='bbox 1408 2352 1565 2417; x_wconf 86' lang='lat' dir='ltr'>verisimile,</span> <span class='ocrx_word' id='word_1_192' title='bbox 1584 2371 1648 2406; x_wconf 90' lang='lat' dir='ltr'>cum</span> <span class='ocrx_word' id='word_1_193' title='bbox 1664 2351 1723 2420; x_wconf 86' lang='lat' dir='ltr'>illa,</span> <span class='ocrx_word' id='word_1_194' title='bbox 1741 2352 1851 2408; x_wconf 88' lang='lat' dir='ltr'>scilicet</span> 
     </span>
     <span class='ocr_line' id='line_1_21' title="bbox 407 2437 1852 2508; baseline 0.003 -18"><span class='ocrx_word' id='word_1_195' title='bbox 407 2437 474 2491; x_wconf 86' lang='lat' dir='ltr'>libri</span> <span class='ocrx_word' id='word_1_196' title='bbox 494 2437 625 2504; x_wconf 80' lang='lat' dir='ltr'>RVTW,</span> <span class='ocrx_word' id='word_1_197' title='bbox 648 2437 810 2494; x_wconf 88' lang='lat' dir='ltr'>maiusculis</span> <span class='ocrx_word' id='word_1_198' title='bbox 829 2438 936 2508; x_wconf 88' lang='lat' dir='ltr'>scripta</span> <span class='ocrx_word' id='word_1_199' title='bbox 954 2439 1047 2493; x_wconf 90' lang='lat' dir='ltr'>omnia</span> <span class='ocrx_word' id='word_1_200' title='bbox 1066 2438 1138 2493; x_wconf 87' lang='lat' dir='ltr'>infra</span> <span class='ocrx_word' id='word_1_201' title='bbox 1156 2457 1228 2494; x_wconf 90' lang='lat' dir='ltr'>saec.</span> <span class='ocrx_word' id='word_1_202' title='bbox 1242 2440 1295 2493; x_wconf 93' lang='lat' dir='ltr'>Vll</span> <span class='ocrx_word' id='word_1_203' title='bbox 1314 2439 1358 2493; x_wconf 89' lang='lat' dir='ltr'>vel</span> <span class='ocrx_word' id='word_1_204' title='bbox 1381 2439 1417 2493; x_wconf 91' lang='lat' dir='ltr'>ad</span> <span class='ocrx_word' id='word_1_205' title='bbox 1435 2457 1571 2493; x_wconf 88' lang='lat' dir='ltr'>summum</span> <span class='ocrx_word' id='word_1_206' title='bbox 1584 2438 1651 2492; x_wconf 91' lang='lat' dir='ltr'>VIII</span> <span class='ocrx_word' id='word_1_207' title='bbox 1669 2456 1724 2493; x_wconf 91' lang='lat' dir='ltr'>non</span> <span class='ocrx_word' id='word_1_208' title='bbox 1742 2439 1852 2494; x_wconf 89' lang='lat' dir='ltr'>descen·</span> 
     </span>
     <span class='ocr_line' id='line_1_22' title="bbox 408 2523 1850 2594; baseline 0.001 -16"><span class='ocrx_word' id='word_1_209' title='bbox 408 2523 486 2587; x_wconf 82' lang='lat' dir='ltr'>dant,</span> <span class='ocrx_word' id='word_1_210' title='bbox 505 2524 648 2594; x_wconf 90' lang='lat' dir='ltr'>epitomae</span> <span class='ocrx_word' id='word_1_211' title='bbox 665 2527 760 2579; x_wconf 90' lang='lat' dir='ltr'>autem</span> <span class='ocrx_word' id='word_1_212' title='bbox 776 2528 836 2578; x_wconf 90' lang='lat' dir='ltr'>tam</span> <span class='ocrx_word' id='word_1_213' title='bbox 849 2525 1010 2579; x_wconf 81' lang='lat' dir='ltr'>Alariciana</span> <span class='ocrx_word' id='word_1_214' title='bbox 1023 2543 1107 2594; x_wconf 86' lang='lat' dir='ltr'>quam</span> <span class='ocrx_word' id='word_1_215' title='bbox 1120 2524 1277 2580; x_wconf 85' lang='lat' dir='ltr'>Iustiniana</span> <span class='ocrx_word' id='word_1_216' title='bbox 1289 2526 1383 2581; x_wconf 85' lang='lat' dir='ltr'>factae</span> <span class='ocrx_word' id='word_1_217' title='bbox 1400 2525 1457 2580; x_wconf 89' lang='lat' dir='ltr'>siut</span> <span class='ocrx_word' id='word_1_218' title='bbox 1475 2524 1587 2580; x_wconf 88' lang='lat' dir='ltr'>saeculo</span> <span class='ocrx_word' id='word_1_219' title='bbox 1599 2528 1677 2580; x_wconf 88' lang='lat' dir='ltr'>sexto</span> <span class='ocrx_word' id='word_1_220' title='bbox 1690 2524 1850 2594; x_wconf 88' lang='lat' dir='ltr'>incipiente,</span> 
     </span>
     <span class='ocr_line' id='line_1_23' title="bbox 406 2610 1852 2682; baseline 0.001 -18"><span class='ocrx_word' id='word_1_221' title='bbox 406 2610 589 2665; x_wconf 85' lang='lat' dir='ltr'>intervallum</span> <span class='ocrx_word' id='word_1_222' title='bbox 606 2611 695 2681; x_wconf 77' lang='lat' dir='ltr'>igitur</span> <span class='ocrx_word' id='word_1_223' title='bbox 712 2611 786 2665; x_wconf 91' lang='lat' dir='ltr'>inter</span> <span class='ocrx_word' id='word_1_224' title='bbox 803 2611 974 2680; x_wconf 87' lang='lat' dir='ltr'>exemplaria</span> <span class='ocrx_word' id='word_1_225' title='bbox 993 2629 1027 2666; x_wconf 89' lang='lat' dir='ltr'>ea</span> <span class='ocrx_word' id='word_1_226' title='bbox 1047 2616 1077 2666; x_wconf 91' lang='lat' dir='ltr'>et</span> <span class='ocrx_word' id='word_1_227' title='bbox 1095 2611 1187 2681; x_wconf 84' lang='lat' dir='ltr'>ipsam</span> <span class='ocrx_word' id='word_1_228' title='bbox 1206 2611 1434 2682; x_wconf 84' lang='lat' dir='ltr'>compilationem</span> <span class='ocrx_word' id='word_1_229' title='bbox 1453 2630 1477 2666; x_wconf 92' lang='lat' dir='ltr'>a.</span> <span class='ocrx_word' id='word_1_230' title='bbox 1490 2612 1542 2666; x_wconf 77' lang='lat'>488</span> <span class='ocrx_word' id='word_1_231' title='bbox 1561 2610 1720 2666; x_wconf 89' lang='lat' dir='ltr'>absolutam</span> <span class='ocrx_word' id='word_1_232' title='bbox 1737 2629 1792 2666; x_wconf 89' lang='lat' dir='ltr'>non</span> <span class='ocrx_word' id='word_1_233' title='bbox 1811 2611 1852 2666; x_wconf 90' lang='lat' dir='ltr'>ita</span> 
     </span>
     <span class='ocr_line' id='line_1_24' title="bbox 407 2696 1853 2770; baseline -0.001 -19"><span class='ocrx_word' id='word_1_234' title='bbox 407 2715 540 2768; x_wconf 80' lang='lat' dir='ltr'>magnum</span> <span class='ocrx_word' id='word_1_235' title='bbox 553 2696 717 2752; x_wconf 86' lang='lat' dir='ltr'>intercedat.</span> <span class='ocrx_word' id='word_1_236' title='bbox 745 2697 935 2753; x_wconf 87' lang='lat' dir='ltr'>Nihilominus</span> <span class='ocrx_word' id='word_1_237' title='bbox 947 2716 1002 2752; x_wconf 90' lang='lat' dir='ltr'>ucn</span> <span class='ocrx_word' id='word_1_238' title='bbox 1022 2698 1081 2753; x_wconf 91' lang='lat' dir='ltr'>sine</span> <span class='ocrx_word' id='word_1_239' title='bbox 1101 2716 1186 2752; x_wconf 89' lang='lat' dir='ltr'>causa</span> <span class='ocrx_word' id='word_1_240' title='bbox 1203 2698 1334 2770; x_wconf 86' lang='lat' dir='ltr'>ingestis</span> <span class='ocrx_word' id='word_1_241' title='bbox 1352 2703 1494 2753; x_wconf 89' lang='lat' dir='ltr'>senatores</span> <span class='ocrx_word' id='word_1_242' title='bbox 1507 2702 1573 2753; x_wconf 88' lang='lat' dir='ltr'>vota</span> <span class='ocrx_word' id='word_1_243' title='bbox 1586 2697 1702 2761; x_wconf 82' lang='lat' dir='ltr'>faciunt,</span> <span class='ocrx_word' id='word_1_244' title='bbox 1721 2714 1754 2751; x_wconf 84' lang='lat' dir='ltr'>ne</span> <span class='ocrx_word' id='word_1_245' title='bbox 1770 2699 1853 2751; x_wconf 78' lang='lat' dir='ltr'>inter-</span> 
     </span>
     <span class='ocr_line' id='line_1_25' title="bbox 403 2782 1848 2855; baseline 0.001 -18"><span class='ocrx_word' id='word_1_246' title='bbox 403 2785 531 2851; x_wconf 74' lang='lat' dir='ltr'>polentur</span> <span class='ocrx_word' id='word_1_247' title='bbox 547 2783 659 2851; x_wconf 60' lang='lat' dir='ltr'>codam,</span> <span class='ocrx_word' id='word_1_248' title='bbox 681 2787 711 2839; x_wconf 89' lang='lat' dir='ltr'>et</span> <span class='ocrx_word' id='word_1_249' title='bbox 729 2801 823 2838; x_wconf 89' lang='lat' dir='ltr'>curam</span> <span class='ocrx_word' id='word_1_250' title='bbox 847 2789 949 2855; x_wconf 84' lang='lat' dir='ltr'>agunt,</span> <span class='ocrx_word' id='word_1_251' title='bbox 974 2787 1006 2838; x_wconf 89' lang='lat' dir='ltr'>ut</span> <span class='ocrx_word' id='word_1_252' title='bbox 1034 2784 1207 2854; x_wconf 86' lang='lat' dir='ltr'>exemplaria</span> <span class='ocrx_word' id='word_1_253' title='bbox 1229 2784 1395 2839; x_wconf 88' lang='lat' dir='ltr'>emittantur</span> <span class='ocrx_word' id='word_1_254' title='bbox 1412 2784 1528 2853; x_wconf 89' lang='lat' dir='ltr'>publica</span> <span class='ocrx_word' id='word_1_255' title='bbox 1550 2784 1720 2839; x_wconf 87' lang='lat' dir='ltr'>auctoritate</span> <span class='ocrx_word' id='word_1_256' title='bbox 1738 2782 1848 2838; x_wconf 85' lang='lat' dir='ltr'>munita</span> 
     </span>
     <span class='ocr_line' id='line_1_26' title="bbox 408 2869 1852 2942; baseline 0 -19"><span class='ocrx_word' id='word_1_257' title='bbox 408 2869 481 2924; x_wconf 83' lang='lat' dir='ltr'>Nam</span> <span class='ocrx_word' id='word_1_258' title='bbox 504 2887 554 2924; x_wconf 92' lang='lat' dir='ltr'>nos</span> <span class='ocrx_word' id='word_1_259' title='bbox 576 2888 698 2940; x_wconf 88' lang='lat' dir='ltr'>quoquc,</span> <span class='ocrx_word' id='word_1_260' title='bbox 722 2888 891 2939; x_wconf 90' lang='lat' dir='ltr'>quamquam</span> <span class='ocrx_word' id='word_1_261' title='bbox 913 2871 997 2942; x_wconf 80' lang='lat' dir='ltr'>longe</span> <span class='ocrx_word' id='word_1_262' title='bbox 1020 2870 1146 2926; x_wconf 88' lang='lat' dir='ltr'>maxima</span> <span class='ocrx_word' id='word_1_263' title='bbox 1170 2888 1235 2941; x_wconf 87' lang='lat' dir='ltr'>pars</span> <span class='ocrx_word' id='word_1_264' title='bbox 1260 2871 1492 2926; x_wconf 89' lang='lat' dir='ltr'>constitutionum</span> <span class='ocrx_word' id='word_1_265' title='bbox 1517 2871 1553 2924; x_wconf 91' lang='lat' dir='ltr'>ad</span> <span class='ocrx_word' id='word_1_266' title='bbox 1578 2888 1627 2925; x_wconf 90' lang='lat' dir='ltr'>uos</span> <span class='ocrx_word' id='word_1_267' title='bbox 1649 2869 1777 2940; x_wconf 89' lang='lat' dir='ltr'>pervenit</span> <span class='ocrx_word' id='word_1_268' title='bbox 1799 2886 1852 2939; x_wconf 92' lang='lat' dir='ltr'>ope</span> 
     </span>
     <span class='ocr_line' id='line_1_27' title="bbox 408 2955 1853 3028; baseline 0.003 -19"><span class='ocrx_word' id='word_1_269' title='bbox 408 2955 575 3026; x_wconf 85' lang='lat' dir='ltr'>exemplaris</span> <span class='ocrx_word' id='word_1_270' title='bbox 592 2957 682 3022; x_wconf 90' lang='lat' dir='ltr'>unici,</span> <span class='ocrx_word' id='word_1_271' title='bbox 705 2956 754 3012; x_wconf 92' lang='lat' dir='ltr'>ubi</span> <span class='ocrx_word' id='word_1_272' title='bbox 773 2958 901 3027; x_wconf 90' lang='lat' dir='ltr'>pluribus</span> <span class='ocrx_word' id='word_1_273' title='bbox 920 2957 1037 3022; x_wconf 89' lang='lat' dir='ltr'>utimur,</span> <span class='ocrx_word' id='word_1_274' title='bbox 1061 2957 1108 3011; x_wconf 93' lang='lat' dir='ltr'>hic</span> <span class='ocrx_word' id='word_1_275' title='bbox 1126 2957 1187 3012; x_wconf 91' lang='lat' dir='ltr'>illic</span> <span class='ocrx_word' id='word_1_276' title='bbox 1206 2957 1438 3028; x_wconf 85' lang='lat' dir='ltr'>deprehendimus</span> <span class='ocrx_word' id='word_1_277' title='bbox 1455 2956 1589 3013; x_wconf 86' lang='lat' dir='ltr'>lectiones</span> <span class='ocrx_word' id='word_1_278' title='bbox 1608 2957 1650 3010; x_wconf 87' lang='lat' dir='ltr'>ita</span> <span class='ocrx_word' id='word_1_279' title='bbox 1668 2957 1802 3022; x_wconf 88' lang='lat' dir='ltr'>diversas,</span> <span class='ocrx_word' id='word_1_280' title='bbox 1821 2962 1853 3013; x_wconf 92' lang='lat' dir='ltr'>ut</span> 
     </span>
     <span class='ocr_line' id='line_1_28' title="bbox 407 3041 1853 3113; baseline -0.001 -16"><span class='ocrx_word' id='word_1_281' title='bbox 407 3059 481 3111; x_wconf 90' lang='lat' dir='ltr'>quae</span> <span class='ocrx_word' id='word_1_282' title='bbox 505 3041 637 3099; x_wconf 82' lang='lat' dir='ltr'>differunt</span> <span class='ocrx_word' id='word_1_283' title='bbox 659 3042 713 3099; x_wconf 87' lang='lat' dir='ltr'>etsi</span> <span class='ocrx_word' id='word_1_284' title='bbox 738 3042 774 3098; x_wconf 90' lang='lat' dir='ltr'>ad</span> <span class='ocrx_word' id='word_1_285' title='bbox 800 3042 1048 3113; x_wconf 86' lang='lat' dir='ltr'>interpolationem</span> <span class='ocrx_word' id='word_1_286' title='bbox 1071 3061 1134 3098; x_wconf 90' lang='lat' dir='ltr'>raro</span> <span class='ocrx_word' id='word_1_287' title='bbox 1157 3043 1305 3109; x_wconf 87' lang='lat' dir='ltr'>accedunt,</span> <span class='ocrx_word' id='word_1_288' title='bbox 1331 3049 1425 3099; x_wconf 91' lang='lat' dir='ltr'>tamen</span> <span class='ocrx_word' id='word_1_289' title='bbox 1448 3060 1537 3098; x_wconf 89' lang='lat' dir='ltr'>meros</span> <span class='ocrx_word' id='word_1_290' title='bbox 1559 3041 1661 3099; x_wconf 85' lang='lat' dir='ltr'>calami</span> <span class='ocrx_word' id='word_1_291' title='bbox 1684 3058 1787 3097; x_wconf 88' lang='lat' dir='ltr'>errores</span> <span class='ocrx_word' id='word_1_292' title='bbox 1810 3059 1853 3097; x_wconf 87' lang='lat' dir='ltr'>ex·</span> 
     </span>
     <span class='ocr_line' id='line_1_29' title="bbox 407 3128 1853 3200; baseline 0 -18"><span class='ocrx_word' id='word_1_293' title='bbox 407 3134 549 3198; x_wconf 82' lang='lat' dir='ltr'>superant</span> <span class='ocrx_word' id='word_1_294' title='bbox 585 3129 759 3185; x_wconf 87' lang='lat' dir='ltr'>Subiecimus</span> <span class='ocrx_word' id='word_1_295' title='bbox 779 3130 925 3185; x_wconf 91' lang='lat' dir='ltr'>elenchum</span> <span class='ocrx_word' id='word_1_296' title='bbox 944 3130 1084 3200; x_wconf 87' lang='lat' dir='ltr'>potiorum</span> <span class='ocrx_word' id='word_1_297' title='bbox 1104 3129 1255 3185; x_wconf 90' lang='lat' dir='ltr'>lectionum</span> <span class='ocrx_word' id='word_1_298' title='bbox 1276 3131 1413 3185; x_wconf 87' lang='lat' dir='ltr'>variarum</span> <span class='ocrx_word' id='word_1_299' title='bbox 1432 3130 1492 3185; x_wconf 90' lang='lat' dir='ltr'>eius</span> <span class='ocrx_word' id='word_1_300' title='bbox 1510 3129 1630 3200; x_wconf 81' lang='lat' dir='ltr'>generis,</span> <span class='ocrx_word' id='word_1_301' title='bbox 1654 3128 1764 3184; x_wconf 89' lang='lat' dir='ltr'>seilicet</span> <span class='ocrx_word' id='word_1_302' title='bbox 1781 3128 1853 3183; x_wconf 91' lang='lat' dir='ltr'>loco-</span> 
     </span>
     <span class='ocr_line' id='line_1_30' title="bbox 407 3215 1854 3287; baseline 0.001 -18"><span class='ocrx_word' id='word_1_303' title='bbox 407 3234 476 3281; x_wconf 86' lang='lat' dir='ltr'>rum,</span> <span class='ocrx_word' id='word_1_304' title='bbox 495 3215 639 3285; x_wconf 91' lang='lat' dir='ltr'>inquibus</span> <span class='ocrx_word' id='word_1_305' title='bbox 656 3217 797 3287; x_wconf 79' lang='lat' dir='ltr'>graviores</span> <span class='ocrx_word' id='word_1_306' title='bbox 816 3216 990 3272; x_wconf 82' lang='lat' dir='ltr'>differentiae</span> <span class='ocrx_word' id='word_1_307' title='bbox 1010 3217 1186 3272; x_wconf 88' lang='lat' dir='ltr'>intercedunt</span> <span class='ocrx_word' id='word_1_308' title='bbox 1205 3217 1278 3272; x_wconf 84' lang='lat' dir='ltr'>inter</span> <span class='ocrx_word' id='word_1_309' title='bbox 1290 3216 1375 3272; x_wconf 91' lang='lat' dir='ltr'>libros</span> <span class='ocrx_word' id='word_1_310' title='bbox 1388 3217 1416 3272; x_wconf 76' lang='lat' dir='ltr'><em>R</em></span> <span class='ocrx_word' id='word_1_311' title='bbox 1433 3221 1462 3273; x_wconf 91' lang='lat' dir='ltr'>et</span> <span class='ocrx_word' id='word_1_312' title='bbox 1480 3218 1625 3286; x_wconf 88' lang='lat' dir='ltr'>V(quibus</span> <span class='ocrx_word' id='word_1_313' title='bbox 1643 3216 1708 3272; x_wconf 92' lang='lat' dir='ltr'>addi</span> <span class='ocrx_word' id='word_1_314' title='bbox 1721 3220 1854 3285; x_wconf 87' lang='lat' dir='ltr'>poterunt</span> 
     </span>
     <span class='ocr_line' id='line_1_31' title="bbox 407 3302 1854 3373; baseline -0.001 -16"><span class='ocrx_word' id='word_1_315' title='bbox 407 3319 480 3371; x_wconf 87' lang='lat' dir='ltr'>quae</span> <span class='ocrx_word' id='word_1_316' title='bbox 504 3303 539 3356; x_wconf 93' lang='lat' dir='ltr'>de</span> <span class='ocrx_word' id='word_1_317' title='bbox 562 3303 728 3359; x_wconf 83' lang='lat' dir='ltr'>differentiis</span> <span class='ocrx_word' id='word_1_318' title='bbox 752 3303 825 3357; x_wconf 91' lang='lat' dir='ltr'>inter</span> <span class='ocrx_word' id='word_1_319' title='bbox 849 3303 886 3357; x_wconf 89' lang='lat' dir='ltr'>V¹</span> <span class='ocrx_word' id='word_1_320' title='bbox 905 3307 935 3357; x_wconf 91' lang='lat' dir='ltr'>et</span> <span class='ocrx_word' id='word_1_321' title='bbox 954 3304 995 3357; x_wconf 86' lang='lat' dir='ltr'>V²</span> <span class='ocrx_word' id='word_1_322' title='bbox 1018 3303 1197 3372; x_wconf 81' lang='lat' dir='ltr'>exposuimus</span> <span class='ocrx_word' id='word_1_323' title='bbox 1221 3322 1248 3372; x_wconf 90' lang='lat' dir='ltr'>p.</span> <span class='ocrx_word' id='word_1_324' title='bbox 1265 3303 1338 3371; x_wconf 87' lang='lat' dir='ltr'>LIV)</span> <span class='ocrx_word' id='word_1_325' title='bbox 1362 3305 1391 3358; x_wconf 91' lang='lat' dir='ltr'>et</span> <span class='ocrx_word' id='word_1_326' title='bbox 1412 3304 1437 3356; x_wconf 85' lang='grc' dir='ltr'><em>Τ</em></span> <span class='ocrx_word' id='word_1_327' title='bbox 1458 3306 1487 3358; x_wconf 89' lang='lat' dir='ltr'>et</span> <span class='ocrx_word' id='word_1_328' title='bbox 1511 3303 1546 3358; x_wconf 88' lang='lat' dir='ltr'><em>W</em></span> <span class='ocrx_word' id='word_1_329' title='bbox 1568 3304 1762 3373; x_wconf 90' lang='lat' dir='ltr'>epitomasque</span> <span class='ocrx_word' id='word_1_330' title='bbox 1784 3302 1854 3355; x_wconf 89' lang='lat' dir='ltr'>duas</span> 
     </span>
     <span class='ocr_line' id='line_1_32' title="bbox 407 3387 1853 3460; baseline 0 -18"><span class='ocrx_word' id='word_1_331' title='bbox 407 3388 557 3443; x_wconf 85' lang='lat' dir='ltr'>Gothicam</span> <span class='ocrx_word' id='word_1_332' title='bbox 582 3389 623 3456; x_wconf 81' lang='lat' dir='ltr'>(in</span> <span class='ocrx_word' id='word_1_333' title='bbox 645 3390 698 3444; x_wconf 87' lang='lat' dir='ltr'>hac</span> <span class='ocrx_word' id='word_1_334' title='bbox 719 3388 793 3445; x_wconf 83' lang='lat' dir='ltr'>infra</span> <span class='ocrx_word' id='word_1_335' title='bbox 815 3389 970 3445; x_wconf 86' lang='lat' dir='ltr'>videbimus</span> <span class='ocrx_word' id='word_1_336' title='bbox 988 3389 1076 3445; x_wconf 86' lang='lat' dir='ltr'>inesse</span> <span class='ocrx_word' id='word_1_337' title='bbox 1099 3408 1180 3458; x_wconf 89' lang='lat' dir='ltr'>posse</span> <span class='ocrx_word' id='word_1_338' title='bbox 1199 3391 1333 3446; x_wconf 90' lang='lat' dir='ltr'>lectiones</span> <span class='ocrx_word' id='word_1_339' title='bbox 1351 3390 1566 3460; x_wconf 84' lang='lat' dir='ltr'>archetyporum</span> <span class='ocrx_word' id='word_1_340' title='bbox 1585 3389 1718 3460; x_wconf 89' lang='lat' dir='ltr'>plurium)</span> <span class='ocrx_word' id='word_1_341' title='bbox 1737 3392 1767 3443; x_wconf 92' lang='lat' dir='ltr'>et</span> <span class='ocrx_word' id='word_1_342' title='bbox 1785 3387 1853 3442; x_wconf 86' lang='lat' dir='ltr'>Cou-</span> 
     </span>
     <span class='ocr_line' id='line_1_33' title="bbox 408 3472 1853 3547; baseline -0.003 -18"><span class='ocrx_word' id='word_1_343' title='bbox 408 3475 698 3546; x_wconf 87' lang='lat' dir='ltr'>stautinopolitanam.</span> <span class='ocrx_word' id='word_1_344' title='bbox 734 3476 928 3545; x_wconf 85' lang='lat' dir='ltr'>Explebuntur</span> <span class='ocrx_word' id='word_1_345' title='bbox 945 3495 1017 3545; x_wconf 87' lang='lat' dir='ltr'>quae</span> <span class='ocrx_word' id='word_1_346' title='bbox 1040 3478 1093 3531; x_wconf 90' lang='lat' dir='ltr'>hoc</span> <span class='ocrx_word' id='word_1_347' title='bbox 1117 3478 1178 3530; x_wconf 87' lang='lat' dir='ltr'>loco</span> <span class='ocrx_word' id='word_1_348' title='bbox 1198 3476 1402 3547; x_wconf 89' lang='lat' dir='ltr'>composuimus</span> <span class='ocrx_word' id='word_1_349' title='bbox 1424 3495 1487 3531; x_wconf 88' lang='lat' dir='ltr'>cum</span> <span class='ocrx_word' id='word_1_350' title='bbox 1505 3493 1606 3546; x_wconf 83' lang='lat' dir='ltr'>perca</span> <span class='ocrx_word' id='word_1_351' title='bbox 1624 3492 1696 3543; x_wconf 92' lang='lat' dir='ltr'>quae</span> <span class='ocrx_word' id='word_1_352' title='bbox 1718 3472 1791 3527; x_wconf 85' lang='lat' dir='ltr'>iufra</span> <span class='ocrx_word' id='word_1_353' title='bbox 1809 3490 1853 3527; x_wconf 87' lang='lat' dir='ltr'>ex·</span> 
     </span>
     <span class='ocr_line' id='line_1_34' title="bbox 407 3558 1852 3633; baseline -0.003 -17"><span class='ocrx_word' id='word_1_354' title='bbox 407 3564 547 3632; x_wconf 89' lang='lat' dir='ltr'>ponentur</span> <span class='ocrx_word' id='word_1_355' title='bbox 564 3562 599 3616; x_wconf 89' lang='lat' dir='ltr'>de</span> <span class='ocrx_word' id='word_1_356' title='bbox 611 3561 778 3616; x_wconf 86' lang='lat' dir='ltr'>differentiis</span> <span class='ocrx_word' id='word_1_357' title='bbox 796 3561 922 3617; x_wconf 88' lang='lat' dir='ltr'>codicum</span> <span class='ocrx_word' id='word_1_358' title='bbox 937 3563 1080 3628; x_wconf 81' lang='lat' dir='ltr'>Breviarii,</span> <span class='ocrx_word' id='word_1_359' title='bbox 1099 3563 1147 3617; x_wconf 91' lang='lat' dir='ltr'>ubi</span> <span class='ocrx_word' id='word_1_360' title='bbox 1168 3562 1271 3633; x_wconf 87' lang='lat' dir='ltr'>passim</span> <span class='ocrx_word' id='word_1_361' title='bbox 1289 3563 1458 3618; x_wconf 89' lang='lat' dir='ltr'>redeundum</span> <span class='ocrx_word' id='word_1_362' title='bbox 1476 3562 1531 3617; x_wconf 91' lang='lat' dir='ltr'>erit</span> <span class='ocrx_word' id='word_1_363' title='bbox 1548 3562 1585 3616; x_wconf 88' lang='lat' dir='ltr'>ad</span> <span class='ocrx_word' id='word_1_364' title='bbox 1602 3562 1653 3615; x_wconf 88' lang='lat' dir='ltr'>has</span> <span class='ocrx_word' id='word_1_365' title='bbox 1672 3558 1852 3627; x_wconf 88' lang='lat' dir='ltr'>antiquiores,</span> 
     </span>
     <span class='ocr_line' id='line_1_35' title="bbox 408 3645 1853 3718; baseline -0.005 -14"><span class='ocrx_word' id='word_1_366' title='bbox 408 3653 468 3704; x_wconf 89' lang='lat' dir='ltr'>tum</span> <span class='ocrx_word' id='word_1_367' title='bbox 488 3648 654 3718; x_wconf 88' lang='lat' dir='ltr'>praesertim</span> <span class='ocrx_word' id='word_1_368' title='bbox 670 3667 722 3718; x_wconf 87' lang='lat' dir='ltr'>per</span> <span class='ocrx_word' id='word_1_369' title='bbox 734 3652 888 3704; x_wconf 86' lang='lat' dir='ltr'>tractatum</span> <span class='ocrx_word' id='word_1_370' title='bbox 907 3648 1087 3704; x_wconf 88' lang='lat' dir='ltr'>subiunctum</span> <span class='ocrx_word' id='word_1_371' title='bbox 1106 3650 1140 3703; x_wconf 91' lang='lat' dir='ltr'>de</span> <span class='ocrx_word' id='word_1_372' title='bbox 1160 3650 1232 3703; x_wconf 90' lang='lat' dir='ltr'>libro</span> <span class='ocrx_word' id='word_1_373' title='bbox 1245 3648 1310 3703; x_wconf 88' lang='lat' dir='ltr'>XVI</span> <span class='ocrx_word' id='word_1_374' title='bbox 1329 3649 1438 3703; x_wconf 73' lang='lat' dir='ltr'>divema</span> <span class='ocrx_word' id='word_1_375' title='bbox 1456 3648 1564 3703; x_wconf 88' lang='lat' dir='ltr'>ratione</span> <span class='ocrx_word' id='word_1_376' title='bbox 1583 3646 1696 3702; x_wconf 89' lang='lat' dir='ltr'>tradito.</span> <span class='ocrx_word' id='word_1_377' title='bbox 1727 3645 1853 3699; x_wconf 83' lang='lat' dir='ltr'>Auctori-</span> 
     </span>
     <span class='ocr_line' id='line_1_36' title="bbox 408 3731 1853 3806; baseline -0.004 -16"><span class='ocrx_word' id='word_1_378' title='bbox 408 3734 478 3790; x_wconf 80' lang='lat' dir='ltr'>tatis</span> <span class='ocrx_word' id='word_1_379' title='bbox 490 3735 560 3791; x_wconf 86' lang='lat' dir='ltr'>haec</span> <span class='ocrx_word' id='word_1_380' title='bbox 572 3735 746 3805; x_wconf 88' lang='lat' dir='ltr'>exemplaria</span> <span class='ocrx_word' id='word_1_381' title='bbox 758 3736 850 3790; x_wconf 92' lang='lat' dir='ltr'>omnia</span> <span class='ocrx_word' id='word_1_382' title='bbox 863 3735 939 3806; x_wconf 89' lang='lat' dir='ltr'>paris</span> <span class='ocrx_word' id='word_1_383' title='bbox 952 3752 1009 3789; x_wconf 91' lang='lat' dir='ltr'>esse</span> <span class='ocrx_word' id='word_1_384' title='bbox 1023 3735 1127 3798; x_wconf 85' lang='lat' dir='ltr'>iudico;</span> <span class='ocrx_word' id='word_1_385' title='bbox 1147 3740 1221 3790; x_wconf 85' lang='lat' dir='ltr'>certe</span> <span class='ocrx_word' id='word_1_386' title='bbox 1238 3734 1319 3790; x_wconf 88' lang='lat' dir='ltr'>nobis</span> <span class='ocrx_word' id='word_1_387' title='bbox 1335 3753 1389 3789; x_wconf 90' lang='lat' dir='ltr'>non</span> <span class='ocrx_word' id='word_1_388' title='bbox 1402 3734 1498 3790; x_wconf 89' lang='lat' dir='ltr'>datum</span> <span class='ocrx_word' id='word_1_389' title='bbox 1517 3737 1560 3788; x_wconf 88' lang='lat' dir='ltr'>cst</span> <span class='ocrx_word' id='word_1_390' title='bbox 1577 3733 1606 3787; x_wconf 92' lang='lat' dir='ltr'>in</span> <span class='ocrx_word' id='word_1_391' title='bbox 1619 3735 1701 3787; x_wconf 88' lang='lat' dir='ltr'>tauta</span> <span class='ocrx_word' id='word_1_392' title='bbox 1714 3731 1853 3786; x_wconf 81' lang='lat' dir='ltr'>variarum</span> 
     </span>
     <span class='ocr_line' id='line_1_37' title="bbox 408 3818 1853 3893; baseline -0.004 -17"><span class='ocrx_word' id='word_1_393' title='bbox 408 3822 561 3878; x_wconf 89' lang='lat' dir='ltr'>lectionum</span> <span class='ocrx_word' id='word_1_394' title='bbox 578 3821 638 3875; x_wconf 89' lang='lat' dir='ltr'>eius</span> <span class='ocrx_word' id='word_1_395' title='bbox 654 3822 763 3893; x_wconf 79' lang='lat' dir='ltr'>generis</span> <span class='ocrx_word' id='word_1_396' title='bbox 779 3822 926 3892; x_wconf 90' lang='lat' dir='ltr'>paucitate</span> <span class='ocrx_word' id='word_1_397' title='bbox 942 3822 1098 3876; x_wconf 89' lang='lat' dir='ltr'>communio</span> <span class='ocrx_word' id='word_1_398' title='bbox 1110 3839 1234 3877; x_wconf 89' lang='lat' dir='ltr'>errorum</span> <span class='ocrx_word' id='word_1_399' title='bbox 1245 3825 1383 3890; x_wconf 87' lang='lat' dir='ltr'>quatenus</span> <span class='ocrx_word' id='word_1_400' title='bbox 1397 3820 1544 3890; x_wconf 87' lang='lat' dir='ltr'>perveniat</span> <span class='ocrx_word' id='word_1_401' title='bbox 1562 3818 1690 3874; x_wconf 83' lang='lat' dir='ltr'>stabilire</span> <span class='ocrx_word' id='word_1_402' title='bbox 1709 3822 1738 3872; x_wconf 92' lang='lat' dir='ltr'>et</span> <span class='ocrx_word' id='word_1_403' title='bbox 1756 3819 1853 3872; x_wconf 89' lang='lat' dir='ltr'>horum</span> 
     </span>
     <span class='ocr_line' id='line_1_38' title="bbox 408 3905 1853 3979; baseline -0.004 -16"><span class='ocrx_word' id='word_1_404' title='bbox 408 3908 543 3963; x_wconf 79' lang='lat' dir='ltr'>libranum</span> <span class='ocrx_word' id='word_1_405' title='bbox 562 3907 722 3977; x_wconf 89' lang='lat' dir='ltr'>parentelas</span> <span class='ocrx_word' id='word_1_406' title='bbox 739 3911 769 3963; x_wconf 88' lang='lat' dir='ltr'>et</span> <span class='ocrx_word' id='word_1_407' title='bbox 786 3907 958 3979; x_wconf 82' lang='lat' dir='ltr'>dignitatum</span> <span class='ocrx_word' id='word_1_408' title='bbox 976 3909 1079 3979; x_wconf 78' lang='lat' dir='ltr'>gradus</span> <span class='ocrx_word' id='word_1_409' title='bbox 1096 3908 1217 3963; x_wconf 86' lang='lat' dir='ltr'>delinire.</span> <span class='ocrx_word' id='word_1_410' title='bbox 1231 3939 1264 3947; x_wconf 84' lang='lat'>-</span> <span class='ocrx_word' id='word_1_411' title='bbox 1278 3907 1356 3962; x_wconf 90' lang='lat' dir='ltr'>Prior</span> <span class='ocrx_word' id='word_1_412' title='bbox 1368 3908 1434 3962; x_wconf 90' lang='lat' dir='ltr'>crdo</span> <span class='ocrx_word' id='word_1_413' title='bbox 1447 3906 1581 3962; x_wconf 89' lang='lat' dir='ltr'>lectiones</span> <span class='ocrx_word' id='word_1_414' title='bbox 1598 3905 1674 3961; x_wconf 89' lang='lat' dir='ltr'>sistit</span> <span class='ocrx_word' id='word_1_415' title='bbox 1686 3922 1758 3973; x_wconf 87' lang='lat' dir='ltr'>quae</span> <span class='ocrx_word' id='word_1_416' title='bbox 1772 3921 1853 3958; x_wconf 83' lang='lat' dir='ltr'>verae</span> 
     </span>
    </p>
   </div>
   <div class='ocr_carea' id='block_1_5' title="bbox 408 3996 1098 4067">
    <p class='ocr_par' dir='ltr' id='par_1_5' title="bbox 408 3996 1098 4067">
     <span class='ocr_line' id='line_1_39' title="bbox 408 3996 1098 4067; baseline 0 -17"><span class='ocrx_word' id='word_1_417' title='bbox 408 3999 474 4051; x_wconf 89' lang='lat' dir='ltr'>sunt</span> <span class='ocrx_word' id='word_1_418' title='bbox 493 3996 538 4052; x_wconf 87' lang='lat' dir='ltr'>vel</span> <span class='ocrx_word' id='word_1_419' title='bbox 556 3996 688 4052; x_wconf 83' lang='lat' dir='ltr'>sidentur</span> <span class='ocrx_word' id='word_1_420' title='bbox 705 4015 772 4063; x_wconf 87' lang='lat' dir='ltr'>esse,</span> <span class='ocrx_word' id='word_1_421' title='bbox 791 3997 929 4067; x_wconf 89' lang='lat' dir='ltr'>posterior</span> <span class='ocrx_word' id='word_1_422' title='bbox 946 4000 1098 4067; x_wconf 86' lang='lat' dir='ltr'>corruptas.</span> 
     </span>
    </p>
   </div>
   <div class='ocr_carea' id='block_1_6' title="bbox 460 4094 1854 5199">
    <p class='ocr_par' dir='ltr' id='par_1_6' title="bbox 460 4094 1854 5199">
     <span class='ocr_line' id='line_1_40' title="bbox 460 4094 1842 4168; baseline -0.002 -15"><span class='ocrx_word' id='word_1_423' title='bbox 460 4099 560 4165; x_wconf 78' lang='lat'>2,8,18</span> <span class='ocrx_word' id='word_1_424' title='bbox 574 4123 606 4145; x_wconf 93' lang='lat'>=</span> <span class='ocrx_word' id='word_1_425' title='bbox 619 4099 644 4164; x_wconf 88' lang='lat'>8,</span> <span class='ocrx_word' id='word_1_426' title='bbox 652 4100 676 4165; x_wconf 83' lang='lat'>8,</span> <span class='ocrx_word' id='word_1_427' title='bbox 684 4099 745 4164; x_wconf 75' lang='lat' dir='ltr'>3,*I</span> <span class='ocrx_word' id='word_1_428' title='bbox 761 4124 793 4146; x_wconf 91' lang='lat'><strong><em>=</em></strong></span> <span class='ocrx_word' id='word_1_429' title='bbox 808 4102 883 4167; x_wconf 87' lang='grc'>11,7,</span> <span class='ocrx_word' id='word_1_430' title='bbox 895 4101 927 4154; x_wconf 84' lang='grc'>13</span> <span class='ocrx_word' id='word_1_431' title='bbox 939 4101 1074 4155; x_wconf 87' lang='lat' dir='ltr'>instinctu</span> <span class='ocrx_word' id='word_1_432' title='bbox 1087 4101 1110 4154; x_wconf 87' lang='grc' dir='ltr'><em>Τ</em></span> <span class='ocrx_word' id='word_1_433' title='bbox 1116 4103 1151 4167; x_wconf 86' lang='lat'>(2,</span> <span class='ocrx_word' id='word_1_434' title='bbox 1159 4108 1183 4168; x_wconf 83' lang='lat'>8,</span> <span class='ocrx_word' id='word_1_435' title='bbox 1193 4105 1234 4168; x_wconf 84' lang='lat'>18)</span> <span class='ocrx_word' id='word_1_436' title='bbox 1270 4099 1401 4155; x_wconf 90' lang='lat' dir='ltr'>instituto</span> <span class='ocrx_word' id='word_1_437' title='bbox 1419 4103 1455 4167; x_wconf 85' lang='grc'>(8,</span> <span class='ocrx_word' id='word_1_438' title='bbox 1465 4106 1489 4167; x_wconf 86' lang='grc'>8,</span> <span class='ocrx_word' id='word_1_439' title='bbox 1499 4105 1515 4152; x_wconf 90' lang='lat'><strong><em>3</em></strong></span> <span class='ocrx_word' id='word_1_440' title='bbox 1527 4098 1555 4152; x_wconf 88' lang='lat' dir='ltr'>It</span> <span class='ocrx_word' id='word_1_441' title='bbox 1573 4102 1597 4151; x_wconf 82' lang='lat' dir='ltr'>et</span> <span class='ocrx_word' id='word_1_442' title='bbox 1615 4096 1680 4152; x_wconf 81' lang='lat' dir='ltr'>brec.</span> <span class='ocrx_word' id='word_1_443' title='bbox 1690 4094 1842 4164; x_wconf 79' lang='lat' dir='ltr'>praeterC)</span> 
     </span>
     <span class='ocr_line' id='line_1_41' title="bbox 711 4186 1192 4255; baseline -0.002 -15"><span class='ocrx_word' id='word_1_444' title='bbox 711 4186 793 4253; x_wconf 86' lang='lat' dir='ltr'>V(11,</span> <span class='ocrx_word' id='word_1_445' title='bbox 804 4195 825 4254; x_wconf 85' lang='lat'>7,</span> <span class='ocrx_word' id='word_1_446' title='bbox 837 4192 878 4255; x_wconf 89' lang='lat'>13)</span> <span class='ocrx_word' id='word_1_447' title='bbox 890 4188 955 4241; x_wconf 68' lang='lat' dir='ltr'>brer·¹</span> <span class='ocrx_word' id='word_1_448' title='bbox 965 4188 1003 4254; x_wconf 88' lang='lat'>(8,</span> <span class='ocrx_word' id='word_1_449' title='bbox 1013 4192 1038 4254; x_wconf 83' lang='grc'>8,</span> <span class='ocrx_word' id='word_1_450' title='bbox 1048 4194 1065 4240; x_wconf 85' lang='grc'><em>3</em></span> <span class='ocrx_word' id='word_1_451' title='bbox 1077 4188 1192 4254; x_wconf 81' lang='lat' dir='ltr'>Gsolus)</span> 
     </span>
     <span class='ocr_line' id='line_1_42' title="bbox 461 4270 1626 4339; baseline -0.003 -12"><span class='ocrx_word' id='word_1_452' title='bbox 461 4276 486 4339; x_wconf 87' lang='grc'>5,</span> <span class='ocrx_word' id='word_1_453' title='bbox 496 4274 520 4338; x_wconf 80' lang='grc' dir='ltr'>Ἰ,</span> <span class='ocrx_word' id='word_1_454' title='bbox 530 4274 582 4337; x_wconf 81' lang='grc'>2,3</span> <span class='ocrx_word' id='word_1_455' title='bbox 670 4274 866 4328; x_wconf 82' lang='lat' dir='ltr'>transduxerat</span> <span class='ocrx_word' id='word_1_456' title='bbox 878 4273 956 4327; x_wconf 81' lang='lat' dir='ltr'>Siros.</span> <span class='ocrx_word' id='word_1_457' title='bbox 973 4274 997 4326; x_wconf 83' lang='grc' dir='ltr'><em>Τ</em></span> <span class='ocrx_word' id='word_1_458' title='bbox 1274 4273 1467 4326; x_wconf 87' lang='lat' dir='ltr'>transuexerat</span> <span class='ocrx_word' id='word_1_459' title='bbox 1485 4270 1550 4324; x_wconf 80' lang='lat' dir='ltr'>brer.</span> <span class='ocrx_word' id='word_1_460' title='bbox 1561 4270 1626 4324; x_wconf 68' lang='lat' dir='ltr'>Istat.</span> 
     </span>
     <span class='ocr_line' id='line_1_43' title="bbox 548 4352 1853 4428; baseline -0.008 -14"><span class='ocrx_word' id='word_1_461' title='bbox 548 4361 578 4414; x_wconf 91' lang='lat' dir='ltr'>ll</span> <span class='ocrx_word' id='word_1_462' title='bbox 667 4359 691 4412; x_wconf 89' lang='lat' dir='ltr'>si</span> <span class='ocrx_word' id='word_1_463' title='bbox 710 4358 738 4412; x_wconf 89' lang='lat' dir='ltr'>iu</span> <span class='ocrx_word' id='word_1_464' title='bbox 757 4376 791 4413; x_wconf 88' lang='lat' dir='ltr'>ea</span> <span class='ocrx_word' id='word_1_465' title='bbox 804 4358 882 4413; x_wconf 67' lang='lat' dir='ltr'>Siras</span> <span class='ocrx_word' id='word_1_466' title='bbox 898 4360 922 4414; x_wconf 85' lang='lat' dir='ltr'><em>T</em></span> <span class='ocrx_word' id='word_1_467' title='bbox 929 4360 994 4413; x_wconf 76' lang='lat' dir='ltr'>Iasi.</span> <span class='ocrx_word' id='word_1_468' title='bbox 1005 4359 1093 4428; x_wconf 84' lang='lat' dir='ltr'><em>(RM)</em></span> <span class='ocrx_word' id='word_1_469' title='bbox 1271 4358 1299 4410; x_wconf 91' lang='lat' dir='ltr'>in</span> <span class='ocrx_word' id='word_1_470' title='bbox 1318 4375 1352 4411; x_wconf 91' lang='lat' dir='ltr'>ea</span> <span class='ocrx_word' id='word_1_471' title='bbox 1370 4374 1425 4424; x_wconf 92' lang='lat' dir='ltr'>qua</span> <span class='ocrx_word' id='word_1_472' title='bbox 1443 4358 1536 4424; x_wconf 84' lang='lat' dir='ltr'>(quarn</span> <span class='ocrx_word' id='word_1_473' title='bbox 1552 4354 1593 4423; x_wconf 84' lang='lat' dir='ltr'>II)</span> <span class='ocrx_word' id='word_1_474' title='bbox 1607 4353 1637 4406; x_wconf 88' lang='grc' dir='ltr'><em>Η</em></span> <span class='ocrx_word' id='word_1_475' title='bbox 1642 4353 1740 4408; x_wconf 82' lang='lat' dir='ltr'>OInat.</span> <span class='ocrx_word' id='word_1_476' title='bbox 1750 4352 1804 4421; x_wconf 80' lang='lat'>(0),</span> <span class='ocrx_word' id='word_1_477' title='bbox 1823 4352 1853 4405; x_wconf 94' lang='lat' dir='ltr'>in</span> 
     </span>
     <span class='ocr_line' id='line_1_44' title="bbox 1285 4437 1854 4511; baseline -0.012 -14"><span class='ocrx_word' id='word_1_478' title='bbox 1285 4460 1319 4497; x_wconf 89' lang='lat' dir='ltr'>ea</span> <span class='ocrx_word' id='word_1_479' title='bbox 1328 4441 1409 4511; x_wconf 83' lang='lat' dir='ltr'>quiS,</span> <span class='ocrx_word' id='word_1_480' title='bbox 1422 4441 1444 4494; x_wconf 91' lang='lat' dir='ltr'>si</span> <span class='ocrx_word' id='word_1_481' title='bbox 1455 4441 1483 4494; x_wconf 91' lang='lat' dir='ltr'>iu</span> <span class='ocrx_word' id='word_1_482' title='bbox 1493 4459 1527 4495; x_wconf 91' lang='lat' dir='ltr'>ea</span> <span class='ocrx_word' id='word_1_483' title='bbox 1536 4437 1854 4508; x_wconf 84' lang='lat' dir='ltr'>quaNBGECXPLM</span> 
     </span>
     <span class='ocr_line' id='line_1_45' title="bbox 461 4529 1430 4601; baseline -0.003 -17"><span class='ocrx_word' id='word_1_484' title='bbox 461 4531 487 4594; x_wconf 83' lang='lat'>6,</span> <span class='ocrx_word' id='word_1_485' title='bbox 497 4532 521 4594; x_wconf 79' lang='lat'>7,</span> <span class='ocrx_word' id='word_1_486' title='bbox 531 4530 582 4596; x_wconf 61' lang='lat'>24</span> <span class='ocrx_word' id='word_1_487' title='bbox 669 4536 735 4601; x_wconf 91' lang='lat' dir='ltr'>post</span> <span class='ocrx_word' id='word_1_488' title='bbox 747 4532 775 4587; x_wconf 81' lang='lat' dir='ltr'><em>R</em></span> <span class='ocrx_word' id='word_1_489' title='bbox 1271 4546 1319 4584; x_wconf 78' lang='lat' dir='ltr'>ons.</span> <span class='ocrx_word' id='word_1_490' title='bbox 1333 4529 1430 4583; x_wconf 81' lang='lat' dir='ltr'>I&#39;Iust.</span> 
     </span>
     <span class='ocr_line' id='line_1_46' title="bbox 461 4613 1527 4683; baseline -0.004 -12"><span class='ocrx_word' id='word_1_491' title='bbox 461 4616 485 4681; x_wconf 81' lang='lat'>6,</span> <span class='ocrx_word' id='word_1_492' title='bbox 495 4616 538 4681; x_wconf 84' lang='lat'>35,</span> <span class='ocrx_word' id='word_1_493' title='bbox 548 4617 600 4683; x_wconf 89' lang='grc'>3,9</span> <span class='ocrx_word' id='word_1_494' title='bbox 670 4637 785 4674; x_wconf 88' lang='lat' dir='ltr'>munera</span> <span class='ocrx_word' id='word_1_495' title='bbox 797 4619 864 4673; x_wconf 83' lang='lat' dir='ltr'>Iurt.</span> <span class='ocrx_word' id='word_1_496' title='bbox 1271 4632 1354 4670; x_wconf 87' lang='lat' dir='ltr'>onera</span> <span class='ocrx_word' id='word_1_497' title='bbox 1371 4631 1486 4668; x_wconf 90' lang='lat' dir='ltr'>munera</span> <span class='ocrx_word' id='word_1_498' title='bbox 1500 4613 1527 4667; x_wconf 84' lang='lat' dir='ltr'><em>R</em></span> 
     </span>
     <span class='ocr_line' id='line_1_47' title="bbox 461 4696 1642 4771; baseline -0.003 -15"><span class='ocrx_word' id='word_1_499' title='bbox 461 4701 486 4765; x_wconf 82' lang='lat'>8,</span> <span class='ocrx_word' id='word_1_500' title='bbox 496 4703 520 4767; x_wconf 86' lang='lat'>5,</span> <span class='ocrx_word' id='word_1_501' title='bbox 531 4702 580 4771; x_wconf 88' lang='lat' dir='ltr'>8,l</span> <span class='ocrx_word' id='word_1_502' title='bbox 669 4702 745 4760; x_wconf 87' lang='lat' dir='ltr'>idem</span> <span class='ocrx_word' id='word_1_503' title='bbox 762 4711 778 4759; x_wconf 74' lang='lat' dir='ltr'>a</span> <span class='ocrx_word' id='word_1_504' title='bbox 798 4705 899 4760; x_wconf 74' lang='lat' dir='ltr'>alan.</span> <span class='ocrx_word' id='word_1_505' title='bbox 1269 4700 1343 4756; x_wconf 89' lang='lat' dir='ltr'>idem</span> <span class='ocrx_word' id='word_1_506' title='bbox 1363 4707 1378 4755; x_wconf 73' lang='lat' dir='ltr'>a</span> <span class='ocrx_word' id='word_1_507' title='bbox 1397 4705 1426 4756; x_wconf 88' lang='lat' dir='ltr'>et</span> <span class='ocrx_word' id='word_1_508' title='bbox 1444 4699 1566 4754; x_wconf 89' lang='lat' dir='ltr'>iulianus</span> <span class='ocrx_word' id='word_1_509' title='bbox 1584 4696 1642 4753; x_wconf 68' lang='lat' dir='ltr'>EI*</span> 
     </span>
     <span class='ocr_line' id='line_1_48' title="bbox 461 4786 1499 4852; baseline -0.004 -11"><span class='ocrx_word' id='word_1_510' title='bbox 461 4787 486 4852; x_wconf 88' lang='lat'>8,</span> <span class='ocrx_word' id='word_1_511' title='bbox 496 4790 521 4851; x_wconf 88' lang='lat'>5,</span> <span class='ocrx_word' id='word_1_512' title='bbox 531 4790 581 4852; x_wconf 74' lang='lat' dir='ltr'>al</span> <span class='ocrx_word' id='word_1_513' title='bbox 670 4790 745 4845; x_wconf 92' lang='lat' dir='ltr'>idem</span> <span class='ocrx_word' id='word_1_514' title='bbox 763 4796 779 4844; x_wconf 71' lang='lat' dir='ltr'>a</span> <span class='ocrx_word' id='word_1_515' title='bbox 798 4790 826 4845; x_wconf 86' lang='lat' dir='ltr'><em>R</em></span> <span class='ocrx_word' id='word_1_516' title='bbox 1272 4786 1345 4842; x_wconf 88' lang='lat' dir='ltr'>idem</span> <span class='ocrx_word' id='word_1_517' title='bbox 1363 4792 1379 4840; x_wconf 76' lang='lat' dir='ltr'>a</span> <span class='ocrx_word' id='word_1_518' title='bbox 1397 4792 1426 4841; x_wconf 89' lang='lat' dir='ltr'>et</span> <span class='ocrx_word' id='word_1_519' title='bbox 1444 4786 1499 4839; x_wconf 75' lang='lat' dir='ltr'>cI’</span> 
     </span>
     <span class='ocr_line' id='line_1_49' title="bbox 460 4871 1500 4952; baseline -0.005 -23"><span class='ocrx_word' id='word_1_520' title='bbox 460 4875 486 4942; x_wconf 88' lang='lat'>8,</span> <span class='ocrx_word' id='word_1_521' title='bbox 495 4877 521 4940; x_wconf 82' lang='lat'>5,</span> <span class='ocrx_word' id='word_1_522' title='bbox 534 4876 598 4941; x_wconf 91' lang='grc'>10,1</span> <span class='ocrx_word' id='word_1_523' title='bbox 670 4875 744 4930; x_wconf 89' lang='lat' dir='ltr'>idem</span> <span class='ocrx_word' id='word_1_524' title='bbox 763 4881 780 4930; x_wconf 76' lang='grc' dir='ltr'>ἰ</span> <span class='ocrx_word' id='word_1_525' title='bbox 799 4876 825 4930; x_wconf 85' lang='lat' dir='ltr'><em>R</em></span> <span class='ocrx_word' id='word_1_526' title='bbox 1270 4873 1343 4928; x_wconf 90' lang='lat' dir='ltr'>idem</span> <span class='ocrx_word' id='word_1_527' title='bbox 1362 4877 1378 4925; x_wconf 72' lang='lat' dir='ltr'>a</span> <span class='ocrx_word' id='word_1_528' title='bbox 1396 4875 1448 4952; x_wconf 45' lang='lat' dir='ltr'>et—</span> <span class='ocrx_word' id='word_1_529' title='bbox 1443 4876 1459 4924; x_wconf 77' lang='lat' dir='ltr'>c</span> <span class='ocrx_word' id='word_1_530' title='bbox 1476 4871 1500 4924; x_wconf 87' lang='grc' dir='ltr'><em>Τ</em></span> 
     </span>
     <span class='ocr_line' id='line_1_50' title="bbox 460 4947 1761 5032; baseline -0.008 -14"><span class='ocrx_word' id='word_1_531' title='bbox 460 4962 486 5027; x_wconf 91' lang='lat'>8,</span> <span class='ocrx_word' id='word_1_532' title='bbox 495 4964 519 5024; x_wconf 79' lang='lat'>7,</span> <span class='ocrx_word' id='word_1_533' title='bbox 532 4962 598 5028; x_wconf 75' lang='lat'>10‚7</span> <span class='ocrx_word' id='word_1_534' title='bbox 669 4962 794 5032; x_wconf 88' lang='lat' dir='ltr'>conplati</span> <span class='ocrx_word' id='word_1_535' title='bbox 813 4949 910 5017; x_wconf 58' lang='lat' dir='ltr'>nale-nt</span> <span class='ocrx_word' id='word_1_536' title='bbox 927 4967 965 5032; x_wconf 68' lang='lat' dir='ltr'>n‘p</span> <span class='ocrx_word' id='word_1_537' title='bbox 984 4967 1014 5017; x_wconf 94' lang='lat' dir='ltr'>et</span> <span class='ocrx_word' id='word_1_538' title='bbox 1032 4960 1138 5015; x_wconf 87' lang='lat' dir='ltr'>uictore</span> <span class='ocrx_word' id='word_1_539' title='bbox 1159 4963 1181 5013; x_wconf 82' lang='lat' dir='ltr'><em>R</em></span> <span class='ocrx_word' id='word_1_540' title='bbox 1268 4947 1365 5029; x_wconf 76' lang='lat' dir='ltr'>coustp</span> <span class='ocrx_word' id='word_1_541' title='bbox 1385 4958 1486 5013; x_wconf 90' lang='lat' dir='ltr'>ualano</span> <span class='ocrx_word' id='word_1_542' title='bbox 1505 4961 1535 5011; x_wconf 93' lang='lat' dir='ltr'>et</span> <span class='ocrx_word' id='word_1_543' title='bbox 1553 4956 1665 5010; x_wconf 83' lang='lat' dir='ltr'>calente</span> <span class='ocrx_word' id='word_1_544' title='bbox 1684 4959 1719 5008; x_wconf 70' lang='lat' dir='ltr'>aa</span> <span class='ocrx_word' id='word_1_545' title='bbox 1737 4953 1761 5007; x_wconf 85' lang='grc' dir='ltr'><em>Τ</em></span> 
     </span>
     <span class='ocr_line' id='line_1_51' title="bbox 460 5044 1515 5114; baseline -0.004 -12"><span class='ocrx_word' id='word_1_546' title='bbox 460 5048 486 5112; x_wconf 88' lang='lat'>8,</span> <span class='ocrx_word' id='word_1_547' title='bbox 498 5048 538 5114; x_wconf 85' lang='grc'>18,</span> <span class='ocrx_word' id='word_1_548' title='bbox 548 5049 574 5114; x_wconf 86' lang='grc'>9,</span> <span class='ocrx_word' id='word_1_549' title='bbox 585 5050 614 5104; x_wconf 74' lang='lat' dir='ltr'>‘l</span> <span class='ocrx_word' id='word_1_550' title='bbox 670 5066 725 5103; x_wconf 92' lang='lat' dir='ltr'>nou</span> <span class='ocrx_word' id='word_1_551' title='bbox 742 5047 904 5104; x_wconf 88' lang='lat' dir='ltr'>extantibus</span> <span class='ocrx_word' id='word_1_552' title='bbox 923 5048 991 5102; x_wconf 81' lang='lat' dir='ltr'>lust.</span> <span class='ocrx_word' id='word_1_553' title='bbox 1270 5044 1431 5101; x_wconf 83' lang='lat' dir='ltr'>extantibus</span> <span class='ocrx_word' id='word_1_554' title='bbox 1450 5045 1515 5098; x_wconf 75' lang='lat' dir='ltr'>brea</span> 
     </span>
     <span class='ocr_line' id='line_1_52' title="bbox 460 5129 1519 5199; baseline -0.008 -9"><span class='ocrx_word' id='word_1_555' title='bbox 460 5135 601 5199; x_wconf 81' lang='lat' dir='ltr'>a,1‚1a,2</span> <span class='ocrx_word' id='word_1_556' title='bbox 669 5134 810 5190; x_wconf 88' lang='lat' dir='ltr'>accusatis</span> <span class='ocrx_word' id='word_1_557' title='bbox 829 5133 1078 5189; x_wconf 68' lang='lat' dir='ltr'>V’b&#39;YBOCIast.</span> <span class='ocrx_word' id='word_1_558' title='bbox 1273 5130 1431 5186; x_wconf 88' lang='lat' dir='ltr'>accusantis</span> <span class='ocrx_word' id='word_1_559' title='bbox 1449 5129 1519 5184; x_wconf 81' lang='lat' dir='ltr'>V¹E</span> 
     </span>
    </p>
   </div>
   <div class='ocr_carea' id='block_1_7' title="bbox 459 5207 1853 5518">
    <p class='ocr_par' dir='ltr' id='par_1_7' title="bbox 459 5207 1853 5518">
     <span class='ocr_line' id='line_1_53' title="bbox 459 5207 1853 5291; baseline -0.009 -16"><span class='ocrx_word' id='word_1_560' title='bbox 459 5222 486 5287; x_wconf 83' lang='lat'>9,</span> <span class='ocrx_word' id='word_1_561' title='bbox 497 5224 521 5284; x_wconf 96' lang='lat' dir='ltr'>l,</span> <span class='ocrx_word' id='word_1_562' title='bbox 532 5221 639 5289; x_wconf 55' lang='lat'>19:213</span> <span class='ocrx_word' id='word_1_563' title='bbox 666 5220 809 5291; x_wconf 90' lang='lat' dir='ltr'>supplicia</span> <span class='ocrx_word' id='word_1_564' title='bbox 821 5220 942 5291; x_wconf 81' lang='lat' dir='ltr'>fugienti</span> <span class='ocrx_word' id='word_1_565' title='bbox 956 5223 1055 5290; x_wconf 91' lang='lat' dir='ltr'>sponte</span> <span class='ocrx_word' id='word_1_566' title='bbox 1069 5218 1227 5289; x_wconf 84' lang='lat' dir='ltr'>lingentiT</span> <span class='ocrx_word' id='word_1_567' title='bbox 1271 5217 1390 5287; x_wconf 87' lang='lat' dir='ltr'>suplicio</span> <span class='ocrx_word' id='word_1_568' title='bbox 1410 5213 1552 5270; x_wconf 89' lang='lat' dir='ltr'>confitenti</span> <span class='ocrx_word' id='word_1_569' title='bbox 1567 5212 1596 5275; x_wconf 89' lang='lat'>0,</span> <span class='ocrx_word' id='word_1_570' title='bbox 1620 5208 1761 5282; x_wconf 86' lang='lat' dir='ltr'>supplicia</span> <span class='ocrx_word' id='word_1_571' title='bbox 1783 5207 1853 5279; x_wconf 79' lang='lat' dir='ltr'>fugi·</span> 
     </span>
     <span class='ocr_line' id='line_1_54' title="bbox 1304 5294 1850 5369; baseline -0.018 -11"><span class='ocrx_word' id='word_1_572' title='bbox 1304 5303 1361 5358; x_wconf 90' lang='lat' dir='ltr'>enti</span> <span class='ocrx_word' id='word_1_573' title='bbox 1379 5303 1415 5356; x_wconf 88' lang='lat' dir='ltr'>V¹</span> <span class='ocrx_word' id='word_1_574' title='bbox 1430 5308 1455 5355; x_wconf 85' lang='lat' dir='ltr'>et</span> <span class='ocrx_word' id='word_1_575' title='bbox 1468 5317 1549 5369; x_wconf 79' lang='lat' dir='ltr'>morq.</span> <span class='ocrx_word' id='word_1_576' title='bbox 1566 5299 1597 5368; x_wconf 87' lang='lat' dir='ltr'>Y,</span> <span class='ocrx_word' id='word_1_577' title='bbox 1616 5300 1716 5367; x_wconf 87' lang='lat' dir='ltr'>sponte</span> <span class='ocrx_word' id='word_1_578' title='bbox 1734 5294 1850 5365; x_wconf 82' lang='lat' dir='ltr'>fingenti</span> 
     </span>
     <span class='ocr_line' id='line_1_55' title="bbox 1309 5388 1507 5455; baseline -0.025 -10"><span class='ocrx_word' id='word_1_579' title='bbox 1309 5389 1425 5445; x_wconf 79' lang='lat' dir='ltr'>V²bren</span> <span class='ocrx_word' id='word_1_580' title='bbox 1438 5388 1507 5455; x_wconf 83' lang='lat' dir='ltr'>(ret.)</span> 
     </span>
     <span class='ocr_line' id='line_1_56' title="bbox 513 5462 1647 5518; baseline -0.011 1"><span class='ocrx_word' id='word_1_581' title='bbox 513 5462 618 5518; x_wconf 75' lang='lat' dir='ltr'>Tuon.</span> <span class='ocrx_word' id='word_1_582' title='bbox 633 5464 655 5518; x_wconf 88' lang='lat'>1.</span> <span class='ocrx_word' id='word_1_583' title='bbox 1627 5471 1647 5507; x_wconf 80' lang='lat' dir='ltr'>a</span> 
     </span>
    </p>
   </div>
   <div class='ocr_carea' id='block_1_8' title="bbox 0 0 2272 6116">
    <p class='ocr_par' dir='ltr' id='par_1_8' title="bbox 0 0 2272 6116">
     <span class='ocr_line' id='line_1_57' title="bbox 0 0 2272 6116; baseline 0 0"><span class='ocrx_word' id='word_1_584' title='bbox 0 0 2272 6116; x_wconf 95' lang='lat' dir='ltr'> </span> 
     </span>
    </p>
   </div>
  </div>
 </body>
</html>
