4517 6125
405 695 666 761 dermannus

986 568 1022 588 ·-
1056 537 1150 602 XXVI
1185 570 1218 588 -·

887 696 1168 759 unnobosleuvs
1475 692 1716 758 tranmissus

733 825 751 881 6
768 822 803 879 (15
819 823 907 879 551515
922 823 1080 880 coctoribus
1091 823 1169 880 urbis
1181 823 1286 878 Romae
1304 824 1334 878 et

768 908 1098 980 Constantinopolitanae

734 996 802 1053 'lde
821 995 980 1068 collegiatis
1364 996 1447 1062 11,18
1459 995 1494 1052 de
1506 996 1826 1069 collegiatisetcbarto·

1412 1082 1502 1154 pratis
1520 1086 1551 1139 et
1567 1083 1761 1140 nummulariis

734 1168 752 1224 8
769 1169 804 1225 de
821 1168 991 1226 centenariis
1008 1173 1038 1226 et
1056 1168 1227 1225 dendroforis

734 1254 752 1309 9
769 1254 804 1311 (15
825 1254 927 1312 studiis
948 1254 1114 1311 liberalibus
1135 1254 1212 1311 urbis
1230 1253 1335 1309 Romae
1363 1255 1447 1321 1119
1466 1279 1499 1302 =

770 1345 800 1397 et
817 1340 1148 1412 Constantinopolitanae

720 1426 753 1483 10
770 1427 804 1482 de
829 1427 944 1494 habitu,
971 1446 1026 1499 quo
1052 1429 1096 1485 uti
1122 1431 1234 1500 oportet
1261 1426 1336 1482 intra

769 1514 867 1571 urbem

720 1598 872 1669 liquibus
895 1599 1068 1656 militaribus
1095 1602 1133 1656 ad
1158 1600 1256 1656 urbem
1281 1616 1336 1655 non

771 1685 858 1742 liceat
875 1685 1007 1741 accedere

720 1772 754 1827 12
772 1772 806 1828 (15
824 1773 1022 1827 bonoratorum
1041 1772 1179 1828 vehiculis
1366 1773 1450 1838 1120
1468 1795 1502 1820 --

721 1858 754 1912 13
772 1859 806 1914 (15
831 1858 890 1913 iure
916 1859 1016 1915 Italico
1040 1859 1117 1914 urbis
1143 1858 1337 1915 Constantino
1366 1860 1447 1924 1121
1462 1859 1496 1913 (15
1508 1856 1666 1930 privilegiis
1674 1856 1751 1912 urbis
1761 1856 1829 1912 Con·

772 1943 917 2014 politanae
1416 1943 1691 2014 stantinopolitanae

722 2030 754 2084 14
772 2029 806 2084 (15
825 2046 925 2100 campo
943 2031 1045 2086 Martio
1062 2031 1140 2086 urbis
1157 2029 1262 2087 Romae

722 2118 754 2170 15
773 2116 807 2172 de
825 2133 930 2173 canone
948 2117 1130 2174 frumentario
1145 2118 1222 2173 urbis
1234 2117 1339 2173 Romae
1367 2117 1451 2184 1123
1470 2140 1503 2165 =

722 2204 755 2258 16
772 2203 807 2260 (15
830 2203 970 2259 frumento
991 2204 1068 2259 urbis
1085 2202 1339 2274 Constantinopoli·
1367 2206 1451 2270 1124
1469 2228 1503 2252 =

773 2293 857 2346 tanes

723 2376 755 2430 17
773 2376 807 2432 de
825 2376 943 2431 annonis
960 2375 1058 2431 civicis
1075 2378 1105 2433 et
1122 2394 1195 2447 pane
1213 2376 1317 2449 gradili
1368 2379 1452 2444 1125
1470 2377 1504 2433 (15
1522 2377 1641 2432 annonis
1659 2374 1792 2431 civilibus

723 2462 756 2517 18
773 2463 808 2518 (15
825 2461 1050 2518 mendicantibus
1067 2479 1122 2517 non
1140 2460 1273 2517 invalidis
1368 2465 1452 2530 1126
1470 2487 1503 2511 =

724 2549 756 2604 19
770 2548 808 2605 (15
826 2547 918 2620 pretio
937 2545 1018 2617 panis
1036 2546 1174 2603 Ostiensis

722 2635 757 2691 20
774 2636 809 2691 (15
826 2635 919 2706 pretio
936 2633 1023 2704 piscis

722 2722 754 2776 21
774 2722 809 2777 de
826 2720 921 2776 nautis
939 2719 1079 2776 Tiberinis
1369 2724 1453 2791 1121
1473 2747 1505 2771 =

722 2808 757 2862 22
774 2809 809 2863 (15
826 2806 959 2864 macariis
976 2808 1076 2862 Portus
1094 2806 1198 2863 Romae

723 2894 757 2949 23
775 2895 809 2948 (15
827 2893 955 2964 patronis
973 2894 1134 2949 horreorum
1145 2892 1340 2950 Portuensium

723 2982 758 3036 24
775 2981 810 3038 de
827 2980 930 3037 mensis
947 2979 1060 3036 oleariis

723 3068 758 3123 25
775 3068 810 3123 (15
828 3068 967 3123 frumento
984 3066 1216 3139 Karthaginiensi

723 3154 758 3208 26
775 3155 809 3209 (15
827 3154 966 3211 frumento
983 3154 1172 3209 Alexandrino
1370 3156 1454 3221 1128
1473 3179 1505 3202 =

723 3240 757 3295 27
776 3240 810 3296 (15
828 3240 1033 3298 Alexandrinae
1052 3240 1145 3312 plebis
1163 3241 1331 3311 primatibus
1370 3243 1454 3309 1129
1471 3242 1506 3298 (15
1524 3239 1709 3298 Alexandriae
1730 3240 1833 3312 prima·

1421 3328 1498 3384 tibus

741 3552 991 3610 THEODOSIANI
1014 3554 1121 3610 LIBER
1144 3553 1303 3611 nscluvs
1326 3553 1489 3619 QVINTVS

744 3694 757 3748 l
777 3691 811 3749 de
829 3692 961 3764 operibus
979 3692 1102 3764 publicis
1369 3695 1394 3761 8,
1405 3696 1435 3750 ll
1457 3717 1489 3740 =

742 3781 759 3835 2
778 3780 812 3835 de
830 3779 1008 3849 aquaeductu
1372 3780 1456 3847 1143
1476 3802 1507 3825 =

743 3863 761 3920 3
778 3865 813 3922 (15
831 3865 931 3922 itinere
949 3866 1097 3921 muniendo

742 3951 761 4005 4
778 3951 812 4007 de
830 3950 1002 4022 imaginibus
1020 3949 1215 4022 imperialibus
1374 3953 1440 4018 124
1457 3953 1491 4009 (15
1504 3950 1606 4009 statuis
1624 3954 1653 4006 et
1664 3947 1835 4020 imaginibus

743 4041 760 4094 5
779 4039 813 4094 (15
830 4038 1001 4109 spectaculis

744 4125 762 4179 6
779 4125 814 4182 de
831 4126 956 4181 maium
1391 4074 1471 4140 1141
1491 4074 1526 4128 (15
1538 4070 1708 4143 spectaculis
1721 4073 1750 4124 et
1761 4086 1835 4125 scae-

1441 4159 1513 4215 nicis
1530 4164 1560 4215 et
1577 4156 1724 4214 lenonibus

744 4212 761 4266 t
780 4210 815 4267 (15
833 4211 969 4268 scaenicis
1372 4248 1476 4345 Ι1146
1494 4247 1529 4301 <10
1548 4245 1670 4300 maioma

744 4296 761 4352 8
779 4298 814 4354 de
832 4298 977 4354 lenonibus

744 4385 762 4439 9
779 4383 814 4441 (15
832 4384 961 4456 expensis
978 4384 1105 4442 ludorum
1376 4384 1457 4449 1142
1469 4383 1504 4440 (15
1516 4380 1644 4454 expensis
1659 4378 1837 4451 publicorum

1424 4471 1553 4525 ludorum

730 4556 763 4611 10
781 4557 815 4611 (15
834 4556 913 4626 equis
932 4558 1074 4613 curulibus

731 4643 761 4696 11
782 4642 817 4697 (15
835 4643 984 4700 venatione
1002 4642 1122 4699 ferarum
1376 4642 1460 4706 1145
1479 4664 1511 4686 =

730 4728 763 4783 12
782 4729 816 4783 de
835 4728 1040 4800 gladiatoribus
1377 4727 1462 4792 1144
1480 4726 1515 4781 (15
1536 4723 1742 4797 gladiatoribus
1759 4720 1837 4793 peni·

1427 4817 1474 4869 155
1492 4811 1624 4870 tollendis

732 4901 764 4957 13
782 4901 816 4956 (15
835 4920 886 4958 usu
904 4903 1036 4959 sellarum

732 4989 765 5044 14
782 4989 817 5054 de
830 4989 1001 5045 infirmandis
1010 4989 1062 5053 hie,
1075 5005 1148 5059 quae
1160 4988 1211 5043 sub
1221 4984 1349 5058 tyrannis

784 5079 836 5131 aut
852 5075 980 5132 barbaris
998 5078 1162 5149 gestarunt

732 5161 765 5217 15
782 5161 884 5232 quibus
896 5180 1035 5219 armorum
1047 5181 1113 5218 usus
1128 5160 1295 5218 interdictus
1307 5161 1351 5215 est
1379 5161 1460 5228 1147
1478 5163 1510 5217 51
1521 5177 1659 5217 armorum
1671 5177 1740 5215 5555
1752 5157 1840 5214 155515

1429 5246 1558 5320 principe
1576 5245 1743 5303 interdictus
1761 5243 1800 5300 sit
