4517 6125
908 1459 1056 1527 curvu
1083 1458 1349 1526 06006606.

682 1625 1051 1709 TREODOSIANI
1082 1624 1296 1707 INTEGRI
1329 1623 1570 1709 CODICES.

492 1824 701 1881 'l'heodosianus
721 1841 777 1880 606
800 1824 910 1896 integer
932 1826 968 1880 ad
990 1842 1041 1881 nos
1063 1823 1200 1895 pervenit.
1237 1823 1383 1881 Librorum
1401 1823 1526 1894 quinque
1551 1824 1703 1896 primorum
1727 1826 1852 1898 epitome

405 1911 569 1968 Alariciaua
591 1929 760 1981 quamquam
784 1913 897 1968 saeculo
919 1913 1026 1968 XVIIII
1051 1916 1137 1968 aucta
1161 1915 1204 1967 est
1226 1916 1339 1983 praeter
1360 1910 1469 1968 minora
1491 1912 1629 1982 quaedam
1652 1911 1774 1969 maxime
1797 1930 1852 1984 060

408 1997 535 2054 0061066
554 1998 670 2054 duonum
689 1997 867 2054 'taurinensis
884 1998 1013 2069 rescripti
1027 1999 1076 2068 (Τ)
1094 2002 1124 2053 et
1142 1997 1399 2068 666ωο606164),
1418 1999 1511 2054 adhue
1527 1998 1676 2054 admodum
1692 1998 1854 2070 imperfecti

406 2090 479 2142 sunt.
508 2086 620 2149 Quanta
631 2103 697 2156 pars
708 2085 832 2156 perierit,
851 2084 958 2155 duplici
971 2084 1182 2155 computatione
1200 2084 1380 2154 aliquatenus
1397 2087 1493 2156 potest
1504 2084 1691 2141 determinari
1720 2084 1854 2142 Oodicem

405 2173 554 2229 laudatum
570 2170 770 2227 ’10606ηο6606
794 2189 858 2226 cum
875 2171 950 2226 intra
967 2171 1171 2226 demonstretur
1194 2187 1228 2226 00
1245 2187 1318 2239 quae
1340 2169 1370 2225 in
1388 2170 1582 2228 'theodosiano
1600 2171 1768 2242 legebantur
1785 2177 1853 2229 0660

405 2261 431 2328 6,
442 2261 467 2325 4,
480 2259 514 2314 84
537 2256 669 2314 habuisse
692 2257 722 2312 in
746 2258 823 2313 foliis
842 2259 888 2312 171
916 2257 976 2313 sive
1003 2257 1032 2312 in
1058 2256 1172 2328 paginis
1193 2258 1245 2314 342
1271 2275 1400 2314 versuum
1417 2257 1464 2323 39,
1488 2257 1647 2314 litterarum
1672 2258 1702 2313 in
1727 2258 1854 2315 versibus

405 2344 524 2418 singulis
542 2345 623 2410 060,
648 2344 806 2400 efficiuntur
829 2343 872 2399 ita
895 2342 1011 2401 litterae
1034 2361 1056 2399 c.
1070 2343 1188 2399 666900.
1225 2342 1355 2399 0061006
1374 2342 1531 2400 Parisinum
1548 2344 1577 2400 R
1601 2363 1664 2400 cum
1687 2344 1758 2402 item
1779 2345 1854 2400 infra

406 2433 610 2489 demonstretur
631 2448 665 2487 ea
685 2448 757 2500 quae
780 2431 811 2485 in
830 2430 1025 2487 'theodosiano
1044 2431 1212 2502 legebantur
1229 2434 1294 2486 ante
1312 2432 1337 2495 6,
1347 2431 1396 2496 2,1
1415 2430 1547 2488 habuisse
1570 2431 1600 2486 in
1625 2430 1702 2487 foliis
1718 2431 1771 2487 256
1792 2430 1853 2488 0100

406 2518 435 2573 16
452 2517 566 2590 paginis
582 2519 633 2573 512
651 2535 779 2573 0000666
797 2517 842 2582 80,
866 2518 1029 2574 1166000066
1055 2517 1084 2571 16
1106 2517 1224 2588 singulis
1243 2517 1368 2573 00006660
1385 2536 1407 2573 0.
1421 2518 1467 2583 40,
1492 2517 1653 2574 efficiuntur
1673 2517 1717 2574 666
1738 2517 1853 2575 litterae

406 2603 547 2661 0614440
564 2608 594 2660 06
610 2604 711 2660 addita
728 2607 809 2675 parte
821 2621 893 2673 quae
911 2607 991 2661 extat
1003 2604 1062 2669 6,2,
1075 2605 1159 2669 1-6,
1170 2603 1240 2667 684
1257 2602 1418 2659 1166006066
1435 2621 1458 2658 0.
1469 2603 1560 2658 22640
1570 2603 1684 2660 litterae
1702 2622 1725 2660 c.
1736 2604 1853 2662 687000.

406 2689 591 2746 Consentiunt
607 2689 696 2762 igitur
713 2690 939 2762 computationes
958 2691 1030 2747 duae
1048 2695 1172 2754 eatenus,
1193 2693 1332 2760 quatenus
1349 2690 1379 2745 in
1397 2693 1480 2746 tanta
1496 2691 1697 2747 elementorum
1715 2690 1853 2764 ambigni-

406 2780 467 2834 tate
485 2776 629 2848 expectari
646 2782 748 2848 potest.
785 2780 825 2833 Ex
847 2779 902 2834 666
925 2782 1008 2849 parte
1026 2778 1226 2843 Theodosiani,
1249 2777 1361 2834 scilicet
1378 2778 1415 2833 ad
1432 2777 1457 2843 6,
1466 2778 1492 2843 4,
1502 2779 1549 2842 34,
1568 2795 1641 2848 quae
1658 2778 1742 2834 hodie
1759 2795 1854 2849 supcr-

406 2868 479 2930 sunt,
498 2864 649 2920 secundum
667 2865 905 2935 computationem
924 2865 987 2921 rudi
1004 2882 1090 2935 opera
1102 2865 1208 2920 factam
1226 2863 1439 2933 (accuratiorem
1457 2863 1486 2918 in
1505 2863 1611 2920 talibus
1626 2882 1707 2921 nemo
1720 2865 1855 2934 requiret)

407 2949 574 3021 perveniunt
591 2951 628 3006 ad
645 2949 756 3007 litteras
774 2969 798 3006 0.
810 2952 924 3009 262720.
955 2953 1053 3021 Itaque
1069 2970 1103 3006 ex
1115 2950 1239 3020 quinque
1251 2949 1332 3006 libris
1344 2951 1415 3008 duae
1432 2950 1490 3006 fere
1502 2955 1597 3021 partes
1609 2950 1810 3008 desiderantur.
1819 2970 1855 2992 ·-

407 3036 485 3092 Libri
501 3036 629 3093 undecim
651 3037 818 3110 posteriores
841 3037 944 3111 integri
968 3038 1026 3095 1000
1048 3042 1126 3103 0666;
1150 3036 1233 3094 hiant
1255 3037 1329 3095 enim
1346 3037 1470 3108 quinque
1493 3037 1563 3094 locis
1584 3037 1665 3104 solis,
1687 3037 1798 3096 scilicet
1819 3057 1855 3097 ex

407 3127 486 3179 sexto
503 3122 576 3179 16600
594 3124 757 3181 0006600666
774 3124 880 3195 606660
898 3125 999 3181 6166160
1016 3124 1047 3179 de
1064 3125 1243 3194 dictitantes
1260 3127 1293 3180 66
1311 3123 1429 3189 0160660,
1452 3127 1529 3180 60660
1546 3128 1576 3181 06
1592 3125 1707 3180 0006661
1724 3125 1758 3180 de
1775 3142 1854 3180 serra·

406 3214 478 3269 60010
495 3213 626 3283 deodate
643 3210 858 3267 constitutiones
876 3211 982 3281 primae
1000 3210 1142 3275 undecim;
1160 3210 1230 3267 item
1248 3210 1326 3266 tituli
1339 3210 1434 3281 quarti
1451 3211 1486 3267 de
1503 3210 1679 3282 praetoribus
1697 3216 1722 3266 et
1732 3218 1854 3281 6000060-

407 3300 482 3355 006κο
499 3297 713 3356 constitutiones
724 3316 797 3367 quae
814 3297 998 3368 interpositae
1012 3299 1125 3354 fuerunt
1142 3296 1477 3361 inte133etextremam;
1496 3296 1565 3353 item
1581 3297 1698 3353 extremi
1717 3297 1853 3353 tricesimi

408 3387 502 3444 octavi
526 3404 592 3456 pars
614 3390 751 3449 extrema;
774 3402 808 3440 ex
830 3388 931 3441 octavo
953 3384 1025 3441 11600
1050 3384 1129 3441 616616
1151 3382 1253 3440 decimi
1272 3382 1364 3452 quinti
1389 3383 1422 3438 de
1442 3383 1484 3438 la'e
1507 3400 1577 3452 qaae
1598 3383 1855 3440 administrantem

407 3472 622 3530 constitutiones
640 3471 759 3542 priores;
777 3470 897 3540 denique
915 3469 944 3525 in
962 3470 1015 3526 660
1034 3469 1158 3527 eiusdem
1177 3468 1243 3524 libri
1261 3467 1341 3526 tituli
1359 3468 1462 3539 plures,
1481 3469 1530 3538 qui
1548 3469 1708 3526 accuratius
1726 3471 1854 3527 determi-

406 3560 468 3615 nari
486 3577 541 3616 non
558 3561 685 3629 possunt.

494 3644 625 3701 Servavit
653 3643 734 3700 60660
759 3642 984 3700 ’160060010666
1008 3641 1110 3698 Gallia.
1151 3642 1267 3699 Codices
1293 3644 1388 3713 partes
1414 3643 1605 3713 particulasve
1631 3643 1691 3702 eius
1718 3644 1855 3701 60606600

407 3732 534 3788 Gallicae
557 3730 673 3801 originis
690 3730 747 3786 fere
769 3748 864 3786 omues
887 3732 953 3785 0666
978 3732 1007 3785 06
1033 3727 1213 3799 6066001666
1236 3729 1445 3801 Lugdunenses,
1468 3748 1595 3801 quaeque
1619 3731 1653 3787 de
1678 3729 1713 3785 iis
1735 3730 1856 3788 dicenda

407 3821 483 3883 sunt,
507 3820 583 3873 recte
605 3815 744 3872 ordiemur
765 3833 784 3871 0
805 3817 866 3871 1000
888 3814 978 3885 (cuius
998 3814 1145 3870 admonuit
1166 3814 1324 3870 Ludovicus
1343 3814 1465 3882 Traube)
1483 3815 1589 3871 Heirici
1606 3814 1855 3873 Autissiodorensis

406 3903 536 3959 monachi
554 3902 676 3958 0600111
694 3902 821 3959 00066610
829 3905 863 3971 ¹):
879 3903 924 3958 ‘ea
942 3900 1121 3972 tempestate‘
1132 3900 1268 3971 (loquitur
1286 3900 1320 3957 de
1332 3899 1469 3957 Germano
1481 3900 1615 3973 episcopo
1630 3905 1740 3958 mortuo
1758 3920 1784 3958 a.
1793 3903 1856 3972 448)

404 3990 642 4061 ‘Lugdunensium
660 3990 762 4046 civitas
780 3988 871 4059 prima
889 4006 923 4043 ac
935 3987 1094 4058 praecipua
1108 3987 1266 4043 Galliarum
1279 3987 1448 4058 professione
1460 4006 1571 4058 quoque
1589 3986 1723 4044 scientiae
1741 3988 1855 4044 artium·

405 4077 470 4147 ‘que
483 4076 634 4147 disciplina
646 4077 720 4133 inter
731 4094 826 4132 omnes
840 4076 987 4132 extulerat
1004 4077 1099 4146 caput.
1128 4074 1241 4132 Offensa
1258 4093 1379 4144 namque
1397 4074 1539 4145 sapientia
1557 4115 1602 4129 ...
1616 4116 1622 4130 .
1641 4077 1856 4146 praeceptorum

406 4163 512 4234 ‘inopia
528 4163 719 4220 intercedente
736 4162 915 4233 priorumque
937 4160 1039 4217 studiis
1066 4179 1158 4233 paene
1182 4161 1315 4233 collapsis
1338 4162 1421 4217 huius
1444 4164 1556 4219 6006000
1580 4160 1734 4218 exitialiter
1755 4180 1856 4233 perosa

405 4249 537 4322 ‘regionis
561 4249 690 4321 Lugduni
715 4248 770 4305 sibi
796 4247 971 4318 aliquamdiu
999 4248 1139 4305 familiare
1171 4247 1365 4305 consistorium
1391 4248 1551 4305 6011000066.
1592 4248 1635 4304 161
1660 4266 1730 4318 quas
1756 4248 1856 4305 dicunt

405 4336 629 4407 ‘disciplinarum
646 4336 806 4393 liberalium
823 4335 928 4407 peritia
953 4354 1078 4407 quasque
1096 4334 1191 4392 ordine
1211 4353 1320 4392 currere
1340 4336 1394 4391 600
1412 4339 1537 4407 6066000
1559 4335 1657 4393 fabula
1674 4339 1786 4392 tantum
1803 4340 1855 4402 est,

406 4425 449 4479 ‘eo
461 4441 549 4492 usque
561 4422 712 4490 convaluit,
730 4428 764 4479 ut
775 4425 911 4493 quantum
930 4424 966 4479 ad
989 4424 1100 4480 scholas
1117 4422 1263 4493 publicum
1281 4421 1474 4493 appellaretur
1491 4422 1665 4478 citramarini
1684 4422 1760 4478 orbis
1777 4443 1856 4496 gym·

406 4510 542 4565 ι6001661.
579 4509 694 4566 Scilicet
715 4515 749 4565 ut
770 4509 844 4565 infra
861 4511 1075 4582 explanabitur,
1101 4527 1135 4564 00
1153 4510 1260 4565 660660
1279 4508 1466 4565 Theodosiani
1490 4508 1594 4581 integri
1615 4508 1696 4564 libris
1714 4510 1856 4581 primariis

409 4597 482 4653 alter
500 4596 594 4664 (hodie
607 4594 751 4651 Parisinus
762 4597 851 4665 9643),
870 4598 919 4665 qui
936 4597 1012 4652 solus
1030 4595 1156 4652 00000066
1173 4596 1192 4651 1.
1204 4596 1251 4650 VI.
1265 4596 1326 4650 VIL
1340 4596 1415 4661 VIII,
1435 4594 1555 4666 primum
1573 4594 1698 4651 innotuit
1715 4614 1739 4652 0.
1752 4598 1856 4654 01550

409 4682 486 4752 apud
506 4680 679 4752 Stephanum
700 4680 872 4753 Charpinum
897 4682 1073 4738 sacerdotem
1098 4681 1324 4753 Lugdunensem,
1349 4681 1422 4737 alter
1446 4679 1612 4749 (Vaticanus
1633 4699 1690 4753 reg.
1707 4682 1783 4748 886),
1809 4683 1856 4740 061

408 4769 546 4826 60606660
568 4786 602 4824 00
622 4773 703 4839 parte
725 4768 830 4825 maiore
848 4770 866 4823 l.
879 4768 1048 4834 III-xvi,
1072 4786 1242 4839 quamquam
1266 4768 1326 4824 eius
1350 4766 1494 4839 proprium
1517 4766 1690 4822 domicilium
1715 4771 1856 4824 vetustum

409 4854 561 4926 ignoratur,
580 4859 655 4910 certe
673 4854 790 4925 originis
807 4859 851 4910 006
868 4854 1007 4910 Gallicae.
1042 4854 1174 4911 0066606
1191 4854 1308 4911 6006666
1325 4854 1419 4923 (60610
1437 4854 1526 4910 80001.
1544 4853 1694 4924 Ρ66111660.
1710 4856 1787 4925 1745)
1806 4856 1856 4926 qui

409 4943 485 4998 solus
506 4941 629 4998 servavit
650 4941 765 5012 plenam
786 4942 913 5014 syllogeu
932 4959 1016 5011 quam
1038 4941 1158 4997 dicimus
1176 4940 1397 4997 Sirmondianam
1422 4958 1485 4995 cum
1504 4940 1697 4997 Theodosiana
1722 4958 1856 4998 0060006

410 5033 578 5097 auctamque
596 5027 735 5098 excerptis
752 5046 786 5084 00
799 5028 993 5085 Theodosiano
1011 5029 1129 5100 integro,
1149 5046 1221 5084 saec.
1234 5028 1300 5082 Vlll
1318 5027 1466 5098 usurpavit
1479 5028 1576 5083 Florus
1594 5027 1727 5084 diaconus
1746 5028 1856 5099 Lugdu·

500 5169 521 5232 ¹)
539 5170 809 5237 sterpiniacus
827 5187 852 5237 p.
867 5168 925 5221 126.
955 5171 1071 5222 Conterri
1090 5170 1309 5221 1660670066160
1327 5169 1462 5237 epistulam
1480 5171 1548 5237 Lupi
1566 5171 1667 5222 abbatis
1685 5170 1856 5223 Ferrariensis

410 5237 473 5304 (1.0.
488 5255 512 5305 6.
526 5238 586 5303 102)
602 5240 724 5306 scriptam
748 5258 770 5291 6.
783 5237 847 5291 860:
866 5236 998 5291 ‘noveritis
1015 5240 1167 5291 monachum
1186 5249 1212 5290 et
1228 5239 1383 5306 6600666166
1401 5256 1486 5291 meum
1505 5237 1640 5307 Ad[onem]
1742 5258 1856 5306 quorun·

408 5306 486 5432 :m
497 5309 681 5431 igorffiffim
700 5311 796 5362 vitasse
813 5308 920 5360 insidias
941 5317 967 5359 06
1070 5309 1185 5361 discendi
1202 5308 1288 5360 studio
1305 5318 1331 5360 06
1348 5305 1443 5376 quietis
1465 5326 1550 5361 amore
1572 5311 1599 5360 16
1617 5310 1681 5361 urbe
1699 5309 1856 5377 Lugdunen-
