4517 6125
1003 580 1036 597 —-
1071 547 1177 614 mvn
1212 581 1246 600 -a

431 698 693 765 nemosianus
914 711 1194 770 THEODOSIANVS
1498 707 1736 774 IVS'I'INIANVS

764 830 1014 890 THEODOSIANI
1036 835 1144 890 LIBER
1168 835 1325 892 DECIMVS
1348 835 1486 894 SEXTVS

756 936 769 990 1
790 938 823 992 de
841 938 894 994 fide
913 938 1055 995 catholica
1385 943 1433 1008 1,1
1452 943 1486 999 de
1499 960 1606 999 summa
1619 943 1748 1000 trinitate
1764 947 1794 999 et
1811 945 1846 1002 de

1434 1027 1487 1086 fide
1506 1029 1649 1087 catholica
1667 1034 1696 1087 et
1715 1034 1747 1087 ut
1764 1049 1846 1089 nemo

1434 1113 1469 1168 de
1494 1131 1529 1171 ea
1554 1117 1720 1174 contendere
1743 1117 1848 1174 audeat

1384 1199 1433 1264 1‚2
1453 1199 1487 1256 de
1510 1201 1695 1258 sacrosanctis
1720 1203 1847 1260 ecclesiis

755 1336 773 1390 2
792 1336 826 1392 de
843 1335 992 1408 episcopis,
1010 1335 1138 1393 ecclesiis
1156 1341 1186 1394 ot
1204 1338 1311 1396 clericis
1435 1289 1464 1341 et
1486 1287 1521 1343 de
1539 1288 1622 1344 rebm
1641 1292 1670 1346 οι
1688 1288 1848 1363 Ρήνῦθῗῶ

756 1422 773 1476 3
791 1423 825 1479 de
843 1422 987 1478 monachis
1435 1388 1530 1428 emm

1386 1456 1436 1525 l,3
1460 1458 1495 1515 de
1519 1460 1659 1534 episcopis
1684 1467 1714 1520 et
1738 1462 1848 1520 clericis

1436 1586 1503 1603 ....
1521 1550 1550 1604 et
1567 1549 1713 1605 monachis
1729 1555 1773 1606 oct.

756 1628 825 1684 lde
848 1628 893 1684 his
914 1629 963 1700 qui
985 1648 1070 1701 super
1091 1630 1227 1704 religione
1246 1635 1356 1690 conten·
1386 1631 1435 1697 1,4
1506 1636 1539 1688 nt
1550 1652 1631 1691 nemo
1643 1637 1677 1692 de
1689 1635 1846 1709 (religIone)

792 1715 862 1771 dunt
1436 1721 1603 1777 contendere
1621 1722 1726 1779 audeat

758 1801 826 1858 5de
846 1801 997 1859 haereticis
1385 1803 1435 1870 1‚5
1460 1805 1495 1860 de
1521 1805 1671 1863 haereticis
1701 1813 1731 1865 et
1760 1809 1847 1865 blani-

1436 1891 1530 1947 cbaeis
1548 1897 1578 1949 et
1595 1893 1743 1950 Samaritis

757 1974 774 2027 6
791 1992 826 2030 ne
844 1978 971 2031 sanctum
990 1976 1133 2047 baptisma
1151 1975 1269 2031 iteretur
1387 1976 1486 2041 1,6=

759 2061 826 2116 lde
846 2060 984 2132 apostatis
1385 2062 1435 2126 1,t
1454 2084 1487 2108 =

757 2145 774 2200 8
792 2146 826 2201 de
839 2147 957 2213 Iudaeis,
976 2146 1119 2202 caelicolis
1132 2150 1161 2203 et
1173 2147 1357 2204 samaritanis
1386 2148 1434 2214 1,9
1454 2147 1488 2202 de
1506 2147 1616 2203 ludaeis
1634 2154 1663 2205 et
1682 2151 1823 2207 caelicolis

757 2232 825 2289 9ne
840 2232 1032 2289 Christianum
1049 2232 1221 2304 mancipium
1239 2235 1358 2291 Iudaeus
1385 2235 1453 2300 1,10
1475 2252 1509 2291 ne
1532 2234 1721 2291 Christianum
1745 2237 1847 2293 manci·

791 2319 898 2375 habeat
1436 2320 1515 2391 pium
1527 2320 1687 2378 haereticus
1699 2323 1744 2380 vel
1761 2342 1847 2396 paga·

1435 2425 1487 2462 nus
1498 2407 1542 2461 vel
1552 2407 1670 2464 Iudaeus
1682 2409 1789 2466 habeat
1802 2416 1846 2466 cot.

741 2491 773 2546 10
790 2490 824 2546 de
843 2490 971 2562 paganis,
989 2490 1134 2546 sacrificiis
1152 2496 1181 2548 et
1199 2492 1314 2563 templis
1385 2493 1408 2558 I,
1419 2494 1450 2548 11
1471 2516 1503 2540 =

740 2579 770 2632 11
789 2577 824 2632 ds
842 2575 978 2648 religione

492 2942 525 2999 In
546 2942 601 2998 hac
619 2943 719 2999 tabula
735 2958 905 3013 quamquam
926 2958 978 3011 per
994 2939 1098 3011 primos
1115 2940 1238 3011 quinque
1259 2942 1346 2999 libros
1368 2941 1496 2998 mbricae
1517 2942 1625 3000 multae
1647 2943 1847 3011 desiderantur,

404 3047 478 3102 qnae
498 3030 611 3087 fnemnt
628 3029 658 3086 in
677 3027 873 3085 'l'heodosiauo
893 3027 1003 3099 integro
1021 3027 1074 3096 (ita
1091 3026 1192 3083 tertim
1211 3027 1284 3085 liber
1301 3027 1401 3085 titulos
1422 3028 1524 3085 habuit
1545 3029 1664 3103 triginta
1682 3031 1762 3097 duos,
1782 3048 1849 3102 qno-

404 3137 467 3173 rum
484 3121 633 3189 supersunt
650 3133 721 3172 unus
741 3119 772 3171 et
790 3114 920 3186 viginti),
943 3114 1012 3169 item
1038 3114 1067 3168 in
1088 3114 1162 3170 libro
1184 3120 1285 3172 octavo
1305 3118 1428 3172 extremo
1446 3115 1556 3185 aliquot
1574 3115 1705 3174 videntur
1724 3116 1849 3188 periisse,

404 3204 587 3261 nibilominus
610 3207 731 3276 apparet
752 3201 977 3260 Theodosianum
999 3219 1050 3272 per
1072 3202 1158 3259 libros
1184 3204 1218 3258 II.
1238 3204 1287 3259 Ill.
1306 3204 1361 3259 IIII
1385 3204 1553 3275 dispositum
1580 3221 1639 3261 esse
1664 3204 1702 3259 ad
1724 3204 1849 3261 ordinem

405 3291 492 3348 edicti
508 3291 647 3363 praetoris
659 3289 759 3346 urbani
774 3289 926 3359 aliquoties
938 3292 1032 3345 tamen
1046 3289 1259 3360 amplificatum,
1281 3294 1313 3346 ut
1329 3289 1358 3345 in
1377 3291 1497 3345 secundo
1515 3291 1593 3347 locus
1611 3290 1645 3348 de
1657 3289 1849 3348 iurisdictione

405 3382 507 3434 auctus
524 3381 580 3445 est,
603 3378 632 3434 in
649 3378 735 3434 tertio
752 3396 807 3434 non
825 3377 860 3433 de
877 3395 907 3433 re
924 3376 1022 3433 uxoria
1039 3378 1099 3433 sola
1117 3378 1225 3450 agitur,
1249 3380 1297 3435 sed
1315 3380 1349 3435 de
1367 3378 1495 3435 universo
1513 3379 1572 3435 inre
1589 3378 1759 3449 nuptiarum
1794 3377 1849 3435 Sed

405 3465 442 3519 ad
461 3466 535 3520 banc
552 3469 663 3536 partem
680 3464 831 3520 edictalem
850 3468 1027 3521 accesserunt
1049 3482 1084 3520 ea
1101 3482 1174 3533 quae
1192 3465 1371 3521 continentur
1388 3471 1447 3521 tam
1468 3466 1497 3520 in
1515 3466 1588 3521 libro
1608 3465 1699 3536 primo
1716 3482 1800 3534 quam
1818 3464 1849 3519 in

405 3550 552 3607 duodecim
578 3550 786 3621 posterioribus
827 3551 860 3605 In
885 3550 920 3605 iis
942 3568 1015 3619 quae
1039 3551 1190 3622 praecipue
1212 3551 1375 3624 agnoscitur
1398 3551 1537 3609 ordinatio
1562 3555 1638 3622 (nam
1661 3570 1716 3609 non
1740 3569 1848 3622 paucae

407 3635 536 3693 rubricae
555 3636 601 3692 rix
619 3637 656 3692 ad
673 3635 798 3706 aliquam
817 3637 908 3708 legem
926 3639 1032 3692 certam
1049 3636 1125 3708 erigi
1142 3640 1285 3708 poterunt)
1301 3639 1372 3694 haec
1389 3642 1440 3695 est.

572 3740 594 3806 I,
613 3741 681 3795 1-4
698 3741 732 3796 de
749 3739 810 3796 iure
827 3744 858 3797 et
875 3740 986 3812 legibus

615 3827 702 3883 5-34
719 3827 754 3883 de
772 3826 986 3898 magistratibus
1003 3827 1267 3885 administrantibus
1284 3826 1399 3897 (similia
1416 3825 1503 3883 etiam
1521 3825 1643 3881 edictum
1662 3824 1690 3879 in
1708 3824 1849 3895 principio

715 3914 828 3983 habuit)

567 3999 599 4065 V,
620 4001 687 4055 1-4
705 4000 739 4056 de
757 3998 964 4057 hereditatibus
982 4000 1050 4056 iuris
1068 4000 1161 4056 civilis

598 4087 700 4143 12-19
719 4087 865 4143 defundis
885 4087 1045 4158 colonisque
1063 4087 1309 4159 patrimonialibus

546 4173 586 4229 Vl
604 4176 681 4229 totus
698 4173 733 4230 de
750 4173 940 4246 dignitatibus

529 4259 583 4315 Vll
601 4264 679 4317 totus
696 4260 731 4317 de
748 4278 778 4316 re
796 4260 914 4316 militari

517 4346 592 4413 VIII,
612 4349 694 4403 I—ll
715 4346 750 4403 dc
767 4347 980 4419 apparitoribus

596 4432 698 4489 12-15
715 4432 750 4489 de
768 4432 967 4490 donationibus

596 4518 699 4573 16-19
719 4518 754 4574 ds
772 4518 916 4575 caelibatu
934 4523 963 4575 et
980 4517 1103 4574 orbitate
1121 4520 1151 4573 et
1168 4517 1203 4572 de
1220 4514 1317 4572 liberis

508 4603 589 4659 Vllll
607 4607 685 4661 totus
702 4604 737 4660 de
754 4604 869 4661 delictis

560 4690 587 4745 X
605 4696 683 4748 totns
701 4690 736 4747 de
754 4690 813 4747 inre
831 4691 890 4747 fisci

546 4777 593 4845 XI,
613 4779 698 4834 1-28
715 4779 751 4836 de
769 4778 885 4835 tributis

594 4864 698 4919 att-39
717 4864 751 4921 de
768 4862 1011 4934 appellationibus

532 4947 586 5004 XII
603 4953 682 5007 totus
699 4950 734 5006 de
751 4968 781 5006 re
798 4948 965 5020 municipali

521 5033 590 5090 XIII
606 5039 684 5093 totus
701 5036 736 5092 de
753 5037 956 5094 mercatoribus
974 5034 1155 5091 naviculariis
1173 5032 1305 5106 agricolis

504 5120 586 5178 XIIII
603 5125 681 5179 totns
698 5124 733 5179 ds
751 5123 811 5179 iure
829 5124 934 5180 Itomae
952 5122 1211 5192 Constantinopolis
1229 5118 1414 5192 Karthaginis
1431 5116 1617 5176 Alexandriae

536 5208 596 5275 XV,
616 5210 684 5265 1-4
701 5208 736 5266 de
753 5209 884 5282 operibus
901 5210 1024 5280 publicis

610 5296 696 5351 5-12
713 5296 749 5351 de
767 5296 962 5367 voluptatibus
979 5294 1079 5367 populi

519 5381 586 5439 XVI
603 5385 681 5438 totns
699 5383 733 5440 de
750 5383 834 5439 rebus
851 5382 1050 5439 ecclesiasticis
