4517 6125
970 605 1004 615 -
1039 574 1159 631 XXXVI
1193 605 1227 616 -

446 748 509 786 raro
527 730 557 786 in
575 728 773 800 explanatione
789 731 996 801 praeterierunt
1013 734 1113 802 utpote
1136 749 1186 802 per
1207 750 1237 788 se
1257 731 1407 788 manifesta
1425 731 1470 787 vel
1487 748 1538 802 per
1555 735 1646 788 certas
1664 750 1763 790 causas
1781 734 1822 791 in-

447 817 543 883 utilia,
567 817 702 874 admissas
719 835 858 888 nusquam
874 818 1043 874 mutilarunt
1060 819 1136 883 (nam
1154 818 1206 873 Th.
1218 817 1319 883 2,10‚s
1340 817 1399 874 sine
1425 818 1510 875 dnbio
1532 821 1702 892 acceperunt
1722 819 1824 891 imper·

446 904 551 961 sectam
573 903 808 961 albeodoeianis
829 905 1014 974 novellaeque
1036 904 1185 961 Maioriani
1205 908 1235 961 ll
1260 906 1294 961 de
1315 905 1471 977 episcopali
1492 905 1598 963 iudicio
1622 906 1745 977 epitome
1767 925 1822 965 non

448 991 527 1047 venit
550 1007 568 1046 a
585 989 770 1062 prudentibus
791 991 861 1057 illis,
884 991 934 1047 sed
956 991 1069 1048 adiecta
1090 994 1134 1048 est
1156 993 1265 1064 postea)
1286 995 1315 1048 et
1337 991 1532 1063 inscriptiones
1550 1011 1661 1064 quoqne
1682 993 1822 1066 subscrip·

448 1077 593 1147 tionesque
610 1077 741 1150 religiose
758 1078 937 1136 rettulerunt.

404 1162 429 1217 2.
447 1163 527 1220 Iussu
544 1165 618 1236 regis
635 1165 742 1238 sylloge
761 1170 793 1222 ut
810 1167 889 1222 fieret
907 1165 1048 1222 ordinavit
1065 1166 1207 1221 Gmmeus
1224 1181 1307 1221 omnes
1325 1167 1367 1220 cir
1384 1167 1507 1223 inlustris
1524 1169 1583 1236 (Ι,6
1601 1171 1631 1225 et
1648 1169 1767 1226 fortasse
1786 1188 1820 1225 ex

448 1250 665 1322 interpolatione
678 1252 745 1317 ΠΙ),
755 1252 791 1321 3).
818 1252 859 1307 Ex
871 1252 1012 1325 dignItate
1029 1251 1207 1323 intellegitur
1223 1251 1298 1308 hunc
1315 1253 1391 1323 apud
1409 1271 1503 1324 regem
1521 1272 1554 1311 eo
1572 1255 1629 1312 fere
1647 1255 1710 1312 loco
1728 1255 1824 1322 fuisse,

448 1355 505 1407 quo
522 1337 577 1393 fnit
595 1338 672 1409 apud
689 1337 888 1410 imperatorem
905 1340 1064 1410 praefectus
1082 1338 1231 1410 praetorio.

406 1423 431 1479 3.
450 1423 564 1481 Titulus
586 1424 709 1496 corporis
733 1428 777 1482 est
793 1428 874 1497 Leges
894 1432 975 1496 apae
994 1427 1040 1495 (al.
1060 1427 1122 1493 sioc)
1141 1427 1235 1495 species
1256 1426 1326 1481 imis
1350 1426 1383 1481 de
1404 1426 1591 1484 Theodosium
1613 1431 1654 1484 cel
1670 1430 1714 1499 (=
1733 1431 1774 1500 st)
1792 1430 1826 1486 de

449 1510 559 1566 doceis
576 1512 650 1566 libris
667 1513 761 1568 eledoe
777 1514 808 1582 (Ι,
819 1514 843 1568 2.
864 1513 931 1578 111⁸,
941 1515 976 1583 4).

406 1597 431 1652 t
450 1596 556 1668 Corpus
574 1616 624 1668 per
636 1599 785 1667 prudentes
801 1601 846 1670 (ΙΙ,
856 1601 884 1670 7)
906 1600 1066 1656 absolutum
1085 1601 1130 1656 vel
1155 1600 1251 1670 potius
1273 1618 1324 1671 pro
1341 1600 1471 1657 absoluto
1489 1601 1626 1658 traditum
1644 1606 1687 1660 est
1709 1603 1772 1676 regi
1794 1608 1826 1661 et

449 1685 662 1755 comprohatum
681 1705 699 1743 a
717 1687 897 1743 woerdotsbus
914 1704 947 1743 oc
964 1687 1095 1742 ababa
1111 1688 1194 1757 (11,4)
1212 1688 1270 1752 vel,
1294 1690 1327 1742 ut
1344 1690 1443 1758 postea
1461 1687 1572 1754 dicitnr,
1596 1688 1633 1744 ab
1652 1690 1783 1758 episcopis
1800 1695 1826 1745 et

448 1771 532 1826 deciis
554 1772 765 1842 modalibus
783 1775 829 1841 (ΙΙ,
839 1776 874 1843 9).
911 1774 1016 1846 Legum
1042 1773 1230 1830 Romanarum
1254 1773 1377 1844 iurisque
1399 1773 1517 1830 Romani
1541 1773 1622 1830 inid
1645 1793 1746 1846 corpus
1769 1794 1825 1832 non

448 1859 556 1930 recepti
572 1877 639 1915 usus
656 1859 687 1915 in
703 1860 828 1916 futurum
845 1860 1030 1918 interdicitur.

407 1944 432 1999 5.
450 1944 641 2001 lateam
662 1963 680 2002 a
700 1964 766 2018 rege
786 1947 961 2016 mmsis
979 1948 1024 2016 (ΙΙ,
1036 1947 1076 2002 10.
1095 1948 1143 2012 III,
1154 1947 1181 2016 5)
1203 1945 1323 2002 inlatum
1345 1949 1388 2003 eet
1409 1945 1494 2019 regiis
1516 1945 1627 2003 scriniis
1645 1948 1702 2012 vel,
1727 1949 1761 2003 ut
1777 1946 1826 2003 hic

450 2030 588 2098 dicuntur,
606 2034 739 2088 thesauris
756 2034 802 2103 (ΙΙ,
814 2035 854 2090 10.
873 2035 922 2101 ΙΙΙ,
933 2035 968 2105 5).

406 2118 431 2174 s
450 2117 614 2175 Authentici
632 2120 805 2191 exemplaria
821 2138 869 2177 rex
887 2139 949 2175 cum
970 2122 1151 2190 praeceptione
1169 2121 1214 2188 (ΙΙ,
1229 2122 1272 2188 16)
1291 2120 1350 2177 sive
1372 2121 1532 2176 auctoritate
1548 2123 1586 2190 (II
1599 2121 1655 2189 tit)
1680 2122 1739 2178 sive
1757 2139 1826 2177 conr·

449 2206 588 2260 mnitmio
606 2207 651 2274 (ΙΙ,
666 2208 691 2274 1)
715 2207 782 2264 dato
799 2207 919 2264 Tolosae
941 2224 966 2262 a.
978 2209 1031 2264 506
1050 2207 1159 2263 rebec
1181 2209 1227 2276 (ΙΙ,
1242 2209 1283 2276 19)
1307 2207 1351 2263 vel
1374 2207 1481 2264 sebae
1502 2208 1581 2276 (ΙΙΙ),
1594 2210 1620 2278 7)
1641 2209 1678 2264 ad
1700 2209 1826 2281 singulos

451 2291 579 2357 comites,
601 2291 808 2363 provinciarum
827 2293 933 2364 opinor,
950 2293 1031 2351 iubet
1053 2295 1217 2350 transmitti.
1251 2295 1318 2349 Eius
1338 2293 1518 2351 auctoritatis
1536 2296 1668 2364 escaplor
1688 2295 1826 2352 directum

451 2378 488 2433 ad
509 2378 689 2435 Timotheum
712 2399 737 2434 v.
755 2399 795 2451 sp.
815 2380 945 2436 comitem
968 2384 1093 2438 aetatem
1117 2381 1185 2438 tulit
1203 2382 1264 2451 (Il);
1289 2381 1409 2436 alterum
1434 2400 1500 2437 num
1525 2385 1603 2439 extet
1627 2382 1764 2440 directum
1789 2383 1825 2438 ad

453 2464 652 2536 Nepotianum,
671 2466 787 2522 dubium
803 2471 847 2524 est
865 2467 940 2535 (adn.
958 2469 994 2523 ad
1013 2469 1097 2534 Π,1).

409 2552 434 2605 7.
451 2549 577 2606 Αιιὶιιιιιιε
596 2570 621 2608 v.
634 2571 688 2623 sp.,
712 2571 775 2608 eum
798 2554 856 2610 fera
877 2554 1008 2611 obtinens
1025 2555 1118 2610 locum
1137 2571 1219 2623 quern
1237 2552 1367 2610 obtinent
1385 2553 1461 2624 apud
1480 2552 1677 2624 imperatorem
1695 2554 1826 2626 magistri

450 2637 625 2705 scriniorum,
652 2638 728 2695 insen
752 2640 826 2712 regis
849 2640 1021 2712 exemplaria
1044 2639 1254 2697 commonitorio
1277 2639 1327 2696 illo
1351 2639 1513 2710 praeposito
1537 2657 1571 2696 ex
1593 2640 1759 2697 authentico
1780 2642 1826 2698 de-

452 2724 559 2796 scripta
577 2726 613 2781 ad
631 2725 748 2782 comites
765 2726 830 2782 illos
847 2727 957 2784 directa
975 2729 1020 2796 (ΙΙ,
1035 2728 1077 2798 12)
1095 2731 1124 2783 et
1143 2744 1194 2782 sua
1211 2745 1295 2782 manu
1313 2726 1474 2797 subscripta
1491 2727 1537 2794 (II,
1551 2726 1591 2781 12.
1610 2726 1710 2794 mes)
1728 2727 1827 2797 edidit,

452 2829 486 2867 ex
503 2810 548 2866 his
560 2811 776 2869 'l'imotheanum
793 2812 894 2869 Aduris
912 2815 990 2884 (111⁸,
1002 2815 1030 2878 6;
1048 2815 1152 2871 rectius
1168 2813 1272 2879 Aturia,
1290 2813 1374 2869 hodie
1392 2813 1654 2883 innocentiana·
1671 2814 1706 2869 cf.
1719 2813 1749 2870 G.
1762 2815 1784 2870 l.
1796 2814 1827 2870 1..

452 2898 506 2954 vol.
519 2898 587 2954 XIII
605 2916 632 2969 p.
645 2901 697 2969 55)

409 2984 434 3038 8.
453 2985 498 3041 lta
515 2985 725 3058 promulgatum
747 3004 848 3058 corpus
864 2987 1056 3043 Alaricianum
1081 2987 1146 3043 inde
1169 2989 1205 3044 ab
1224 3005 1249 3043 a
1262 2988 1313 3044 506
1330 3005 1381 3058 pro
1404 2988 1467 3057 lege
1489 2986 1544 3043 fuit
1569 2986 1678 3043 civibus
1695 2985 1828 3043 Romanis

452 3072 620 3144 degentibus
637 3074 689 3129 sub
707 3074 821 3146 regibus
833 3074 1055 3146 wisigothorum
1077 3078 1138 3130 tam
1160 3075 1190 3131 in
1207 3074 1345 3145 Hispania
1363 3092 1447 3143 quarn
1470 3074 1499 3129 in
1522 3074 1652 3145 partibus
1670 3074 1827 3131 Galliarum

451 3177 525 3230 quae
545 3160 658 3233 regibus
678 3160 737 3215 illis
760 3160 906 3231 parebant.
942 3162 1028 3218 Gothi
1050 3162 1105 3233 ipsi
1129 3166 1202 3219 teste
1225 3162 1331 3217 Isidoro
1353 3161 1429 3231 (hist.
1447 3161 1530 3217 Goth.
1549 3179 1572 3217 c.
1589 3161 1624 3217 35
1647 3161 1741 3216 chron.
1761 3161 1827 3217 min.

452 3247 536 3303 vol.2
554 3266 582 3318 p.
594 3248 656 3317 281)
679 3249 731 3303 sub
754 3266 819 3319 rege
838 3248 938 3305 Eurico
961 3253 998 3317 (a
1013 3250 1169 3318 466-485)
1186 3249 1289 3320 ‘legum
1309 3248 1443 3304 instituta
1465 3247 1579 3319 scriptis
1602 3247 1706 3303 habere
1730 3266 1827 3319 coepe·

452 3335 537 3399 runt';
556 3353 589 3392 ex
607 3335 661 3390 hoc
674 3352 788 3405 corpore
799 3335 948 3392 Euriciano
965 3335 1018 3390 viri
1035 3336 1112 3393 docti
1129 3336 1247 3392 credunt
1265 3353 1408 3406 superesse
1426 3335 1520 3407 legum
1529 3332 1741 3406 Visigothorum
1753 3335 1827 3405 frag·

451 3426 547 3479 menta
559 3422 693 3478 Parisino.
722 3423 780 3477 Rex
792 3423 916 3479 Theudis
929 3422 1087 3492 (581-548)
1100 3420 1329 3478 constitutionem
1347 3421 1382 3476 de
1399 3420 1459 3475 litis
1476 3418 1608 3491 impensis
1626 3437 1685 3477 ase
1697 3420 1827 3477 emissam

454 3511 528 3564 teste
546 3509 641 3566 codice
660 3510 793 3567 breviarii
810 3510 977 3581 Legionensi
998 3510 1025 3567 ei
1041 3508 1159 3566 inseruit
1177 3508 1289 3564 adiecta
1307 3510 1361 3564 hac
1381 3507 1518 3563 clausule:
1537 3508 1620 3562 ‘hanc
1636 3525 1747 3578 quoque
1765 3526 1828 3564 oon·

448 3593 635 3651 ‘stitutionem
654 3595 682 3650 in
695 3596 883 3655 Theodosiani
902 3596 1024 3668 corporis
1040 3596 1113 3653 libro
1125 3599 1226 3666 quarto
1239 3597 1291 3651 sub
1305 3595 1391 3654 titulo
1403 3595 1468 3649 XVI
1483 3592 1622 3650 adiectam
1642 3593 1777 3657 iuhemus,
1795 3597 1828 3650 ut

451 3679 590 3736 ‘omnibus
608 3682 679 3739 scire
697 3682 783 3740 liceat
800 3703 873 3754 qnae
891 3704 942 3756 pro
960 3684 1083 3740 omnium
1100 3684 1192 3740 salute
1211 3683 1325 3740 decreta
1343 3681 1424 3737 sunt’.
1456 3680 1525 3736 Eam
1543 3681 1634 3753 legem
1652 3681 1750 3736 datam
1768 3699 1827 3737 esse

452 3769 511 3822 tam
530 3768 662 3823 Romanis
683 3788 768 3839 quam
786 3771 887 3827 Gothis
911 3776 943 3827 ut
967 3770 1083 3826 dubium
1102 3788 1157 3827 non
1175 3772 1230 3836 est,
1256 3768 1298 3826 ita
1322 3785 1501 3838 nequaquam
1523 3766 1588 3823 inde
1606 3765 1751 3838 colligitur
1768 3767 1828 3823 hre-

455 3852 573 3909 vian'um
596 3854 688 3925 ipsum
709 3857 785 3927 apud
803 3857 910 3914 iudices
928 3857 1035 3913 Gothos
1052 3857 1081 3911 in
1099 3876 1151 3912 usu
1172 3856 1270 3921 fuisse;
1294 3855 1389 3927 potuit
1414 3854 1488 3912 enim
1511 3854 1556 3910 lex
1578 3853 1631 3909 illa
1651 3852 1721 3909 item
1743 3852 1828 3909 inseri

452 3940 561 4012 corpori
572 3941 721 3998 Euriciano
738 3947 776 4008 et,
794 3948 826 3999 ut
844 3962 898 3999 non
916 3943 954 4000 sit
972 3944 1085 4009 inserta,
1103 3945 1211 4001 Gothos
1230 3949 1324 4000 tenere
1342 3943 1393 3998 sub
1406 3943 1495 3999 forma
1513 3941 1600 3998 edicti
1611 3939 1693 4012 regis.
1721 3939 1829 4009 Corpus

452 4027 632 4083 Euricienum
655 4027 755 4085 deinde
773 4029 848 4086 idem
866 4030 987 4085 Isidorus
1005 4031 1034 4097 (Ι.
1048 4049 1070 4086 c.
1084 4049 1107 4086 c.
1120 4032 1152 4085 51
1173 4049 1200 4101 p.
1213 4030 1275 4101 288)
1298 4030 1340 4086 ait
1357 4029 1535 4086 emendatum
1553 4045 1612 4084 esse
1631 4030 1660 4082 et
1678 4028 1793 4082 auctum
1811 4042 1829 4080 a

452 4132 518 4186 rege
536 4114 700 4187 Leovigildo
719 4118 813 4183 (567-
820 4118 881 4186 586)
904 4120 1124 4188 revocanturque
1149 4118 1185 4173 ad
1204 4136 1304 4188 corpus
1322 4115 1565 4188 Leosigildianum
1584 4114 1681 4184 capita
1698 4129 1771 4182 qnae
1788 4111 1829 4165 in-

453 4199 602 4257 veniuntur
628 4200 733 4258 inserta
758 4203 816 4274 legi
832 4202 1043 4276 visigothorum
1066 4203 1228 4276 recognitae
1255 4222 1273 4259 a
1297 4203 1483 4260 Rsoessuindo
1508 4200 1673 4270 (649-672)
1696 4216 1751 4255 non
1776 4198 1828 4253 snb

452 4288 563 4345 nomine
580 4289 655 4363 regis
673 4290 751 4358 certi,
770 4292 818 4345 ssd
836 4292 887 4347 sub
905 4291 1080 4363 praescripto
1097 4292 1217 4361 colgus.
1248 4292 1318 4346 Tam
1330 4288 1510 4345 Euricianum
1525 4306 1625 4359 corpus
1636 4303 1720 4358 quam
1733 4283 1829 4341 Leovi·

453 4375 610 4448 gildianum
628 4377 695 4434 eolis
707 4377 807 4435 Gothis
824 4378 995 4435 destinatum
1011 4378 1096 4435 fnisse
1115 4398 1170 4435 non
1188 4377 1342 4450 ambigitur
1359 4377 1456 4447 itaque
1474 4376 1503 4430 in
1522 4394 1572 4431 usu
1591 4392 1625 4430 ea
1642 4372 1727 4428 fuisse
1745 4370 1829 4427 simul

453 4482 516 4519 cum
528 4464 667 4522 breviario
681 4465 853 4530 Alarician03
873 4465 1184 4523 contraRecessuindus
1198 4466 1312 4534 (2,1,8):
1330 4463 1449 4520 ‘alienae
1463 4462 1572 4534 gentis’,
1591 4460 1691 4531 inquit,
1708 4459 1830 4532 ‘legibus

452 4552 499 4605 ‘ad
517 4552 679 4608 exercitium
697 4552 834 4608 utilitatis
855 4553 935 4608 inbui
959 4558 989 4608 et
1011 4552 1201 4623 permittimus
1223 4556 1253 4609 et
1275 4556 1417 4623 optamus,
1440 4550 1477 4605 ad
1498 4547 1673 4618 negotiorum
1692 4564 1757 4601 vero
1776 4546 1829 4601 dis-

452 4635 614 4694 ‘cnssionem
637 4642 667 4694 et
682 4640 850 4694 resultamus
868 4642 897 4693 et
915 4638 1105 4709 prohibemus;
1129 4638 1258 4707 quamvis
1276 4637 1350 4693 enim
1367 4635 1486 4705 eloquiis
1503 4634 1641 4705 polleant,
1665 4635 1759 4688 tamen
1778 4633 1829 4687 dif·

452 4722 636 4779 ‘dcultatihus
659 4725 783 4782 haerent.
823 4723 900 4779 Adeo
924 4742 987 4780 cnm
1008 4722 1130 4779 sufficiat
1153 4723 1191 4779 ad
1212 4722 1339 4779 iustitias
1361 4718 1564 4791 plenitudinem
1589 4720 1618 4772 et
1641 4719 1829 4787 perscrutatio

452 4808 603 4864 ‘rationum
621 4815 651 4867 et
668 4809 877 4882 conpetentinm
896 4811 962 4867 ordo
982 4809 1139 4876 verborum,
1161 4827 1233 4880 quae
1256 4808 1360 4865 codicis
1381 4806 1465 4861 huius
1485 4804 1569 4861 seriei
1587 4803 1749 4877 agnoscitur
1767 4823 1830 4860 con·

452 4896 563 4960 tinere,
581 4896 709 4952 nolumus
726 4896 785 4953 sive
803 4896 936 4952 Romanis
953 4897 1063 4968 legibus
1081 4913 1129 4951 seu
1147 4895 1248 4951 alienis
1266 4892 1492 4950 institutionibus
1510 4892 1609 4946 amodo
1627 4890 1749 4962 amplius
1768 4910 1830 4946 con·

452 4983 574 5048 ‘vexari‘,
592 5000 646 5039 non
659 4981 765 5039 Gothos
783 4984 863 5049 solos,
882 4983 930 5039 scd
947 4982 1034 5038 etiam
1052 4982 1129 5037 cives
1141 4982 1279 5037 Romanos
1296 4979 1326 5034 in
1342 4996 1428 5050 regno
1446 4996 1496 5035 suo
1508 4978 1640 5048 degentes
1652 4994 1701 5031 suo
1714 4993 1830 5049 corpore

454 5069 513 5124 solo
531 5068 574 5123 uti
592 5067 698 5126 iubens.
734 5069 788 5124 Res
806 5087 839 5125 eo
858 5070 1046 5134 confirmatur,
1071 5068 1146 5137 quod
1167 5067 1261 5122 nullus
1281 5063 1414 5121 breviarii
1433 5066 1519 5121 codex
1537 5081 1626 5133 neque
1644 5061 1720 5133 pleni
1740 5080 1829 5132 neque

455 5156 671 5226 epitomatorum
695 5173 729 5210 ex
747 5155 884 5226 Hispania
906 5156 1030 5210 iunctuIt
1051 5158 1170 5225 excepto
1188 5151 1353 5224 Legionensi
1375 5151 1426 5207 illo
1448 5150 1507 5206 sine
1531 5150 1616 5205 dubio
1634 5148 1739 5220 scripto
1762 5154 1829 5205 aule

454 5241 677 5299 Recessuindum

412 5334 437 5388 9.
455 5330 528 5386 Usus
550 5329 665 5386 forensis
683 5328 820 5386 Breviarii
838 5327 994 5383 Alariciani
1013 5326 1084 5393 sive,
1106 5329 1140 5381 nt
1161 5326 1326 5396 plerumque
1343 5325 1518 5396 appellatur,
1541 5325 1604 5393 lepis
1624 5324 1764 5379 &monce
1781 5342 1829 5393 po-

455 5418 594 5475 tissimum
616 5421 646 5474 et
664 5416 758 5489 viguit
774 5419 804 5473 et
821 5413 935 5471 duravit
955 5412 985 5467 in
1003 5412 1133 5485 partibus
1150 5411 1306 5469 Galliarum
1323 5411 1360 5467 iis
1377 5430 1450 5483 quae
1468 5416 1519 5469 aut
1535 5412 1614 5467 nullo
1631 5415 1756 5481 tempore
1778 5414 1829 5466 aut
