4517 6125
1013 598 1046 611 —
1082 565 1193 626 CXLIX
1229 600 1263 612 -

661 719 689 780 V
1229 729 1257 784 R

485 836 532 898 sjt:
546 831 687 900 positalut
700 860 729 871 -
741 830 932 899 Oonaltautius
981 835 1013 898 alt
1031 832 1195 901 plerumque

568 917 627 986 (ubi
653 934 673 970 n
697 916 795 972 littera
820 917 931 971 videtur

450 1037 455 1063 ·.
567 1022 665 1058 sonum
683 1002 849 1073 perdidisse)
868 1021 930 1057 cou-

446 1070 459 1209 Ι
569 1093 678 1144 stanter

448 1213 452 1235 ,
488 1174 534 1242 lat:
550 1174 793 1245 nonlstrubantar
810 1192 922 1244 perraro

492 1262 533 1330 lx:
549 1261 701 1330 mulsimus
980 1260 1023 1327 xl:
1054 1259 1178 1314 trahitur
1207 1259 1264 1314 lere
1294 1260 1330 1314 ad
1359 1260 1498 1330 syllabam

1016 1345 1212 1413 posteriorem:
1240 1348 1440 1417 perspelcimus
1465 1377 1498 1386 -

1010 1431 1175 1498 prolatam
1194 1451 1249 1488 nou
1266 1451 1375 1504 semper
1391 1436 1498 1487 tamen:

1015 1515 1121 1585 cislau
1145 1549 1176 1558 -
1201 1522 1336 1590 extemplo.
1377 1518 1499 1585 8,1‚4,3

1016 1606 1059 1657 est
1076 1607 1269 1674 remiserimus

406 1696 511 1749 conta
532 1693 609 1763 legm
632 1693 684 1747 has
703 1709 776 1761 quae
800 1695 928 1761 peccant,
980 1687 1066 1743 etiam
1089 1689 1118 1744 iu
1138 1690 1166 1744 R
1189 1691 1369 1748 inveniuntur
1394 1708 1498 1748 errores
1549 1691 1782 1763 singulariahaec
1795 1713 1858 1750 eno·

443 1783 479 1834 ut
496 1779 927 1849 suntmc'lon's-aumerosli·
1014 1774 1133 1830 similes:
1179 1776 1254 1842 6,24,
1265 1778 1289 1842 4,
1301 1778 1325 1831 3.
1361 1776 1497 1841 6‚35,1,7
1572 1780 1860 1852 -tavitKruegerzalt

442 1864 929 1934 tute—selmct-inpccunisslar·
1010 1862 1236 1931 polemaicus)
1257 1893 1287 1902 —
1307 1864 1498 1928 t,24,5‚5sc'n
1584 1867 1691 1935 palibus
1721 1897 1753 1907 .-
1784 1886 1859 1922 man.

443 1953 535 2006 ciutur
552 1956 581 2006 et
598 1951 622 2005 si
641 1968 714 2020 quae
736 1953 802 2005 sunt
823 1948 928 2004 similia
1015 1947 1116 2017 [allero
1140 1978 1173 1988 -
1199 1950 1223 2016 6,
1233 1949 1275 2013 27,
1284 1949 1336 2014 2,ss
1356 1950 1498 2004 consulatu
1583 1952 1707 2022 caldario
1724 1984 1757 1993 -
1779 1955 1860 2023 sileat

441 2037 600 2110 singularia
642 2036 749 2101 omnia,
792 2035 928 2106 originem
1013 2035 1079 2101 aclea
1101 2064 1134 2074 -
1156 2035 1498 2105 6,27,16‚112qaccslci-
1583 2069 1617 2079 -
1653 2041 1797 2109 tranfsc'pat
1826 2072 1859 2082 -

442 2125 511 2179 iude
537 2122 666 2187 trabunt,
693 2122 769 2190 quod
796 2122 928 2177 librarius
1009 2120 1168 2188 prodiis-
1186 2120 1498 2190 taquamquam
1583 2125 1843 2193 unilmaduertamua

443 2211 592 2266 scribenda
627 2226 681 2263 non
711 2206 853 2264 intellexit
884 2208 926 2264 vel
1014 2205 1498 2274 -l,8‚8,6ots;ma-7,20,11,2

443 2297 502 2351 alio
521 2295 603 2351 modo
621 2295 734 2350 erravit.
1013 2292 1150 2361 slqaalida
1173 2322 1205 2332 -
1230 2291 1367 2359 8‚15,1,5
1385 2293 1444 2364 cdlx
1462 2281 1498 2363 ἦν

498 2569 670 2641 Compendia
692 2573 804 2640 reperta
826 2569 856 2623 in
881 2569 961 2623 libris
985 2569 1093 2624 duobus
1118 2568 1261 2639 primariis
1284 2568 1312 2624 R
1338 2569 1485 2640 pleraque,
1510 2571 1537 2627 V
1556 2574 1652 2630 omnia
1676 2575 1746 2630 baec
1770 2577 1859 2633 editio

409 2662 606 2730 repraesentat
623 2656 739 2712 inclusis
757 2656 831 2712 intra
850 2657 1030 2727 parentheses
1049 2658 1059 2724 (
1079 2657 1088 2721 )
1107 2655 1213 2710 litteris
1232 2673 1283 2724 per
1299 2673 1333 2711 ea
1350 2657 1513 2727 suppressis.
1544 2659 1663 2716 Iuventa
1680 2661 1709 2716 in
1727 2663 1823 2719 codice
1836 2665 1861 2717 Τ

409 2744 562 2817 diligenter
574 2742 732 2813 composuit
743 2743 869 2812 Krueger
880 2761 907 2812 p.
917 2743 1011 2807 8-11,
1029 2741 1098 2796 item
1111 2741 1215 2796 codicis
1227 2742 1264 2795 W
1274 2741 1404 2797 foliorum
1416 2744 1502 2798 trium
1515 2745 1728 2803 Taurinensium
1741 2749 1858 2806 Patetta

410 2851 437 2902 p.
452 2833 516 2896 131;
534 2829 665 2886 loliorum
677 2829 879 2885 Vaticanorum
896 2828 967 2882 mihi
986 2832 1100 2900 praesto
1118 2829 1231 2883 merum
1249 2829 1410 2900 apographi
1427 2847 1480 2901 ope
1499 2831 1691 2904 Kruegeriani.
1727 2833 1778 2889 His
1795 2837 1857 2891 sub-

410 2917 492 2974 sidiis
510 2935 577 2972 usus
593 2915 727 2972 notitiam
745 2914 888 2985 composui
908 2913 1135 2985 compendiorum
1153 2913 1183 2968 in
1195 2914 1384 2970 'theodosiani
1397 2917 1541 2972 codicibus
1554 2919 1645 2989 plenis
1657 2920 1857 2988 adhibitorum,

411 3023 467 3060 non
485 3002 655 3075 singillatim
672 3001 781 3058 minora
798 3001 970 3072 minimaque
989 3005 1165 3072 persecutus,
1184 3002 1233 3055 sed
1250 3019 1323 3072 quae
1342 3003 1394 3057 hoc
1415 3003 1554 3060 volumine
1571 3006 1717 3064 utentibus
1736 3008 1797 3065 visa
1814 3013 1858 3065 est

409 3092 544 3147 sufficere.
562 3121 596 3131 -
615 3088 731 3145 Codices
748 3088 882 3145 breviarii
899 3089 928 3143 in
948 3089 1002 3145 hoc
1020 3093 1147 3145 tractatu
1165 3088 1258 3160 sprevi
1277 3107 1380 3145 omues.

496 3176 578 3241 Quod
601 3175 631 3230 in
655 3176 743 3247 gestis
767 3175 801 3230 de
824 3174 1018 3231 'theodosiano
1041 3174 1213 3246 publicando
1236 3179 1377 3231 senatores
1401 3181 1539 3248 exoptant
1563 3181 1602 3251 (p.
1621 3182 1645 3246 5,
1658 3182 1701 3250 ll)
1725 3181 1816 3237 codici
1839 3200 1857 3236 a

410 3260 664 3319 constitutionariis
681 3260 809 3316 faciendo
821 3261 914 3317 ‘uotae
933 3260 1011 3316 iuris'
1024 3279 1059 3317 ne
1074 3261 1279 3327 adscribantur,
1298 3261 1327 3316 id
1345 3261 1474 3319 effectum
1494 3269 1548 3320 est:
1568 3266 1678 3322 scilicet
1695 3271 1780 3323 notae
1798 3285 1856 3333 eae,

410 3351 512 3421 quibus
530 3349 652 3419 scriptus
670 3352 714 3404 est
726 3345 779 3403 Gai
796 3346 870 3403 liber
881 3347 1056 3412 Veronensis,
1075 3348 1202 3419 exceptis
1217 3348 1402 3418 paucissimis,
1421 3349 1570 3420 dequibus
1588 3351 1661 3407 infra
1674 3352 1791 3418 dicetur,
1808 3354 1856 3408 ab·

409 3442 474 3492 sunt
491 3455 511 3492 a
529 3436 621 3492 verbis
639 3440 698 3490 tam
717 3432 950 3489 constitutionum
968 3451 1052 3503 quam
1069 3433 1253 3489 rubricarum.
1284 3434 1338 3489 Sed
1356 3438 1467 3490 tautum
1485 3436 1575 3502 abest,
1594 3440 1627 3491 ut
1645 3437 1714 3493 hacc
1732 3437 1778 3493 lex
1796 3455 1856 3507 per-

409 3522 500 3579 tineat
522 3523 560 3577 ad
583 3519 759 3592 praescripta
783 3520 818 3575 iis
840 3517 1067 3590 subscriptaqne,
1090 3524 1122 3576 ut
1146 3520 1319 3576 econtrario
1341 3520 1371 3574 in
1389 3520 1433 3576 his
1456 3521 1622 3592 compendia
1641 3540 1713 3591 quac
1736 3522 1792 3578 iam
1811 3542 1856 3580 ex·

409 3609 592 3679 plicabuntur
610 3607 739 3679 legitima
756 3606 814 3663 sint
832 3612 861 3664 et
879 3606 1015 3662 eiusmodi
1029 3607 1167 3662 vocabula
1184 3624 1234 3677 per
1252 3606 1445 3677 exceptionem
1465 3609 1658 3664 tantummodo
1676 3608 1856 3665 inveniantur

410 3695 575 3765 perscripta.
611 3694 782 3765 compendia
805 3694 834 3749 in
857 3695 901 3750 his
924 3695 1032 3750 usitata
1057 3693 1175 3749 redeunt
1200 3694 1257 3750 fere
1281 3693 1310 3748 in
1333 3693 1469 3764 sequioris
1492 3695 1596 3751 aetatis
1619 3700 1748 3751 notarum
1772 3697 1856 3752 later·

409 3781 480 3836 culis
502 3781 657 3852 (composui
685 3798 731 3836 eos
758 3780 789 3836 in
814 3781 1060 3852 grammaticorum
1083 3780 1247 3835 Latinorum
1268 3780 1406 3836 editorum
1433 3780 1565 3837 aKeilio
1591 3781 1731 3839 volumine
1754 3789 1855 3853 quarto

408 3885 435 3936 p.
447 3867 499 3921 277
509 3872 589 3937 seq),
613 3867 763 3924 destinatis
785 3867 884 3938 opinor
904 3865 1080 3937 potissimum
1105 3866 1165 3921 eius
1188 3864 1252 3922 aevi
1269 3866 1453 3937 prudentibus
1475 3867 1512 3923 ad
1533 3871 1609 3923 recto
1632 3868 1854 3940 intellegendum

408 3953 633 4009 'theodosianum
655 3956 685 4009 et
707 3952 875 4009 breviarium
898 3952 1098 4007 Alaricianum.
1142 3952 1215 4007 Nam
1239 3951 1322 4007 huius
1346 3970 1455 4022 quoque
1481 3953 1590 4009 codices
1618 3954 1800 4011 vetustissimi
1826 3959 1855 4010 et

408 4044 540 4095 assume
558 4038 670 4111 scripti,
694 4038 859 4111 praesertim
872 4039 944 4105 ΡΜ,
968 4057 1031 4094 curu
1053 4038 1081 4093 in
1101 4042 1181 4094 textu
1203 4038 1436 4095 constitutionum
1454 4058 1472 4096 a
1490 4039 1662 4110 compendiis
1684 4041 1854 4108 abstineant,

408 4125 437 4180 in
457 4125 688 4196 inscriptionibus
706 4130 736 4182 et
753 4124 1006 4196 subscriptionibus
1024 4126 1135 4181 easdem
1153 4125 1231 4196 leges
1248 4132 1413 4195 sequuntur,
1432 4144 1504 4197 quae
1523 4126 1581 4181 iam
1598 4127 1749 4183 secuudum
1768 4128 1854 4184 libros

407 4213 506 4282 plenos
523 4212 748 4282 explicabuntur.

435 4318 459 4370 l.
476 4317 602 4385 Antiqua
619 4316 786 4388 compendia
803 4315 834 4371 in
851 4319 960 4371 textum
979 4315 1212 4372 constitutionum
1230 4315 1352 4371 admissa
1370 4315 1547 4387 reperiuntur
1564 4316 1643 4371 haec.

466 4422 495 4487 a)
514 4419 745 4489 Contignationes
767 4419 926 4475 litterarum
951 4420 1013 4488 (bas
1036 4420 1112 4476 euim
1135 4420 1235 4475 licebit
1259 4438 1321 4475 cum
1348 4420 1520 4490 compendiis
1545 4423 1732 4490 componere),
1758 4437 1853 4476 esrum

511 4504 621 4560 scilicet
635 4522 707 4575 quae
719 4510 836 4577 propter
846 4508 962 4563 formam
975 4505 1112 4561 iuncturis
1129 4509 1215 4577 aptae
1228 4510 1301 4570 sunt,
1320 4506 1349 4560 in
1368 4507 1420 4561 fine
1434 4524 1528 4561 versus
1546 4506 1634 4562 habet
1645 4506 1731 4561 codex
1744 4505 1772 4561 R
1789 4506 1852 4562 bas:

510 4598 643 4646 ιιι-πί
666 4593 730 4658 (hoc
752 4592 840 4647 etiam
862 4593 993 4647 inversu
1014 4592 1116 4661 medio)
1140 4593 1851 4661 -oe-os-or-os-rd-or-usc,

511 4677 714 4732 codexVbas:
732 4694 764 4732 cc
782 4679 905 4732 -cl-
922 4679 943 4733 li
960 4708 992 4719 -
1011 4696 1051 4747 np
1068 4709 1100 4719 -
1118 4695 1203 4733 as-
1220 4686 1253 4734 nc
1270 4695 1453 4747 -ar—as,
1472 4678 1669 4735 codexThas:
1687 4694 1852 4733 oc-us-

510 4769 543 4817 cat
560 4794 595 4804 —-
611 4781 658 4817 aar
675 4793 708 4804 -
726 4771 779 4819 ast
796 4797 831 4806 —
851 4781 887 4819 ar
905 4794 937 4805 -
955 4782 996 4819 as.
1039 4766 1159 4821 Easdem
1185 4783 1279 4821 omnes
1306 4783 1394 4835 nequa
1421 4766 1449 4820 in
1478 4765 1603 4821 versibus
1629 4765 1761 4819 extremis
1787 4766 1853 4820 solis

511 4850 600 4905 habet
621 4850 708 4907 codex
723 4851 762 4905 W
782 4851 928 4921 quadratis
950 4851 1118 4921 scriptorum
1139 4852 1355 4907 recentissimus.
1392 4851 1535 4923 Originem
1557 4850 1781 4922 contignationes
1802 4870 1852 4908 eae

512 4942 658 4992 traxemnt
676 4954 739 4991 cum
757 4956 792 4992 ex
809 4938 1015 5007 aequabilitate
1032 4938 1199 5009 paginarum
1218 4938 1354 5007 requisita
1370 4939 1399 4993 in
1418 4938 1558 5008 scriptura
1574 4937 1721 5006 quadrata,
1740 4941 1800 4992 tum
1818 4956 1852 4992 ex

511 5022 574 5093 lege
597 5022 809 5079 dividendorum
830 5025 1029 5079 vocabulorum
1053 5026 1089 5079 ad
1112 5026 1244 5094 syllabas.
1281 5026 1324 5080 Ob
1348 5027 1458 5081 easdem
1483 5042 1581 5080 causas
1605 5024 1719 5079 litterae
1743 5041 1850 5079 versum

511 5106 640 5164 linientes
657 5126 741 5179 saepe
758 5110 914 5180 figurantur
933 5111 1021 5166 lomna
1038 5111 1152 5166 minore.

460 5195 491 5262 b)
510 5194 621 5251 Littera
643 5199 703 5250 tam
725 5213 752 5249 m
775 5214 860 5265 quam
883 5214 903 5250 a
927 5196 976 5252 ubi
1002 5215 1109 5252 versum
1132 5197 1195 5253 finit
1205 5200 1226 5266 ¹)
1246 5198 1310 5263 RV,
1337 5198 1424 5254 etiam
1452 5199 1481 5253 in
1503 5198 1595 5255 medio
1618 5215 1698 5254 versu
1721 5198 1763 5266 W,
1789 5215 1851 5253 eam

496 5335 516 5402 ¹)
534 5332 679 5400 6,4,12,4
701 5338 866 5403 posteriora
890 5338 916 5388 in
940 5355 1017 5389 versu
1042 5339 1125 5389 medio
1143 5354 1202 5389 cum
1228 5339 1375 5391 membrana
1393 5340 1457 5403 bist,
1482 5339 1599 5392 similiter
1616 5356 1641 5389 m
1664 5356 1709 5406 per
1732 5339 1851 5391 lineolam

402 5412 620 5474 nprsuenmur.
