<?xml version="1.0" encoding="UTF-8"?>
<!DOCTYPE html PUBLIC "-//W3C//DTD XHTML 1.0 Transitional//EN"
    "http://www.w3.org/TR/xhtml1/DTD/xhtml1-transitional.dtd">
<html xmlns="http://www.w3.org/1999/xhtml" xml:lang="en" lang="en">
 <head>
  <title>
</title>
<meta http-equiv="Content-Type" content="text/html;charset=utf-8" />
  <meta name='ocr-system' content='tesseract 3.04.00' />
  <meta name='ocr-capabilities' content='ocr_page ocr_carea ocr_par ocr_line ocrx_word'/>
</head>
<body>
  <div class='ocr_page' id='page_1' title='image "./theodosianilibr00sirmgoog_0316.png"; bbox 0 0 4517 6125; ppageno 0'>
   <div class='ocr_carea' id='block_1_1' title="bbox 991 557 1265 613">
    <p class='ocr_par' dir='ltr' id='par_1_1' title="bbox 991 557 1265 613">
     <span class='ocr_line' id='line_1_1' title="bbox 991 557 1265 613; baseline 0 -1"><span class='ocrx_word' id='word_1_1' title='bbox 991 587 1024 598; x_wconf 97' lang='lat'>-</span> <span class='ocrx_word' id='word_1_2' title='bbox 1059 557 1196 613; x_wconf 69' lang='lat' dir='ltr'>cecum</span> <span class='ocrx_word' id='word_1_3' title='bbox 1232 589 1265 598; x_wconf 96' lang='lat'>—</span> 
     </span>
    </p>
   </div>
   <div class='ocr_carea' id='block_1_2' title="bbox 404 712 1856 4758">
    <p class='ocr_par' dir='ltr' id='par_1_2' title="bbox 407 712 1856 1473">
     <span class='ocr_line' id='line_1_2' title="bbox 408 712 1856 785; baseline 0.001 -16"><span class='ocrx_word' id='word_1_4' title='bbox 408 712 540 769; x_wconf 80' lang='lat' dir='ltr'>Conscius</span> <span class='ocrx_word' id='word_1_5' title='bbox 557 714 627 768; x_wconf 90' lang='lat' dir='ltr'>rnihi</span> <span class='ocrx_word' id='word_1_6' title='bbox 646 733 714 779; x_wconf 89' lang='lat' dir='ltr'>sum,</span> <span class='ocrx_word' id='word_1_7' title='bbox 736 712 851 783; x_wconf 90' lang='lat' dir='ltr'>quantis</span> <span class='ocrx_word' id='word_1_8' title='bbox 870 712 948 766; x_wconf 88' lang='lat' dir='ltr'>vitiis</span> <span class='ocrx_word' id='word_1_9' title='bbox 965 714 1035 768; x_wconf 91' lang='lat' dir='ltr'>haec</span> <span class='ocrx_word' id='word_1_10' title='bbox 1054 713 1219 783; x_wconf 91' lang='lat' dir='ltr'>compilatio</span> <span class='ocrx_word' id='word_1_11' title='bbox 1241 713 1363 777; x_wconf 88' lang='lat' dir='ltr'>laboret,</span> <span class='ocrx_word' id='word_1_12' title='bbox 1382 730 1552 782; x_wconf 89' lang='lat' dir='ltr'>quamquam</span> <span class='ocrx_word' id='word_1_13' title='bbox 1570 730 1684 785; x_wconf 91' lang='lat' dir='ltr'>operam</span> <span class='ocrx_word' id='word_1_14' title='bbox 1702 714 1856 771; x_wconf 82' lang='lat' dir='ltr'><strong>maximam</strong></span> 
     </span>
     <span class='ocr_line' id='line_1_3' title="bbox 408 798 1856 870; baseline 0.001 -16"><span class='ocrx_word' id='word_1_15' title='bbox 408 800 485 864; x_wconf 90' lang='lat' dir='ltr'>dedi,</span> <span class='ocrx_word' id='word_1_16' title='bbox 504 805 536 856; x_wconf 92' lang='lat' dir='ltr'>ut</span> <span class='ocrx_word' id='word_1_17' title='bbox 554 819 587 855; x_wconf 90' lang='grc'>11</span> <span class='ocrx_word' id='word_1_18' title='bbox 608 800 692 855; x_wconf 88' lang='lat' dir='ltr'>variis</span> <span class='ocrx_word' id='word_1_19' title='bbox 710 799 861 855; x_wconf 88' lang='lat' dir='ltr'>saecularis</span> <span class='ocrx_word' id='word_1_20' title='bbox 879 803 908 854; x_wconf 98' lang='lat' dir='ltr'>et</span> <span class='ocrx_word' id='word_1_21' title='bbox 927 798 1111 854; x_wconf 88' lang='lat' dir='ltr'>ecclesiastici</span> <span class='ocrx_word' id='word_1_22' title='bbox 1129 799 1198 854; x_wconf 90' lang='lat' dir='ltr'>iuris</span> <span class='ocrx_word' id='word_1_23' title='bbox 1215 798 1296 854; x_wconf 86' lang='lat' dir='ltr'>libris</span> <span class='ocrx_word' id='word_1_24' title='bbox 1314 804 1343 855; x_wconf 87' lang='lat' dir='ltr'>et</span> <span class='ocrx_word' id='word_1_25' title='bbox 1360 817 1394 855; x_wconf 84' lang='lat' dir='ltr'>ex</span> <span class='ocrx_word' id='word_1_26' title='bbox 1412 799 1572 857; x_wconf 85' lang='lat' dir='ltr'>litterarum</span> <span class='ocrx_word' id='word_1_27' title='bbox 1589 801 1721 870; x_wconf 87' lang='lat' dir='ltr'>operibus</span> <span class='ocrx_word' id='word_1_28' title='bbox 1743 819 1779 858; x_wconf 88' lang='lat' dir='ltr'>ea</span> <span class='ocrx_word' id='word_1_29' title='bbox 1799 802 1856 858; x_wconf 88' lang='lat' dir='ltr'>col-</span> 
     </span>
     <span class='ocr_line' id='line_1_4' title="bbox 407 883 1856 956; baseline 0.002 -17"><span class='ocrx_word' id='word_1_30' title='bbox 407 885 533 956; x_wconf 92' lang='lat' dir='ltr'>ligersm,</span> <span class='ocrx_word' id='word_1_31' title='bbox 552 903 625 954; x_wconf 90' lang='lat' dir='ltr'>quae</span> <span class='ocrx_word' id='word_1_32' title='bbox 643 887 679 941; x_wconf 92' lang='lat' dir='ltr'>ad</span> <span class='ocrx_word' id='word_1_33' title='bbox 692 885 830 940; x_wconf 88' lang='lat' dir='ltr'>Breviarii</span> <span class='ocrx_word' id='word_1_34' title='bbox 847 903 927 939; x_wconf 91' lang='lat' dir='ltr'>nsum</span> <span class='ocrx_word' id='word_1_35' title='bbox 945 887 1083 954; x_wconf 88' lang='lat' dir='ltr'>spectant.</span> <span class='ocrx_word' id='word_1_36' title='bbox 1114 885 1200 955; x_wconf 89' lang='lat' dir='ltr'>Spero</span> <span class='ocrx_word' id='word_1_37' title='bbox 1219 889 1314 941; x_wconf 86' lang='lat' dir='ltr'>tamen</span> <span class='ocrx_word' id='word_1_38' title='bbox 1332 902 1376 940; x_wconf 89' lang='lat' dir='ltr'>me</span> <span class='ocrx_word' id='word_1_39' title='bbox 1388 883 1516 956; x_wconf 84' lang='lat' dir='ltr'>Savignii</span> <span class='ocrx_word' id='word_1_40' title='bbox 1529 886 1713 956; x_wconf 89' lang='lat' dir='ltr'>Haeneliique</span> <span class='ocrx_word' id='word_1_41' title='bbox 1731 888 1856 944; x_wconf 87' lang='lat' dir='ltr'>tabellas</span> 
     </span>
     <span class='ocr_line' id='line_1_5' title="bbox 407 961 1855 1043; baseline 0.001 -18"><span class='ocrx_word' id='word_1_42' title='bbox 407 971 487 1026; x_wconf 90' lang='lat' dir='ltr'>novis</span> <span class='ocrx_word' id='word_1_43' title='bbox 505 971 642 1037; x_wconf 88' lang='lat' dir='ltr'>fontibus,</span> <span class='ocrx_word' id='word_1_44' title='bbox 661 990 730 1040; x_wconf 89' lang='lat' dir='ltr'>quos</span> <span class='ocrx_word' id='word_1_45' title='bbox 749 971 792 1025; x_wconf 90' lang='lat' dir='ltr'>illi</span> <span class='ocrx_word' id='word_1_46' title='bbox 810 973 929 1027; x_wconf 93' lang='lat' dir='ltr'>nondum</span> <span class='ocrx_word' id='word_1_47' title='bbox 949 975 1152 1042; x_wconf 81' lang='lat' dir='ltr'>cognoverant,</span> <span class='ocrx_word' id='word_1_48' title='bbox 1173 973 1310 1027; x_wconf 80' lang='lat' dir='ltr'>adhibitis</span> <span class='ocrx_word' id='word_1_49' title='bbox 1328 972 1450 1039; x_wconf 86' lang='lat' dir='ltr'>auxisse,</span> <span class='ocrx_word' id='word_1_50' title='bbox 1474 990 1490 1028; x_wconf 91' lang='grc'>1</span> <span class='ocrx_word' id='word_1_51' title='bbox 1507 972 1626 1043; x_wconf 86' lang='lat' dir='ltr'>singulis</span> <span class='ocrx_word' id='word_1_52' title='bbox 1644 991 1710 1029; x_wconf 90' lang='lat' dir='ltr'>vero</span> <span class='ocrx_word' id='word_1_53' title='bbox 1728 961 1855 1030; x_wconf 78' lang='lat' dir='ltr'>fontibus</span> 
     </span>
     <span class='ocr_line' id='line_1_6' title="bbox 408 1058 1855 1130; baseline 0 -16"><span class='ocrx_word' id='word_1_54' title='bbox 408 1058 571 1128; x_wconf 83' lang='lat' dir='ltr'>praesertim</span> <span class='ocrx_word' id='word_1_55' title='bbox 590 1077 623 1114; x_wconf 89' lang='grc'>11</span> <span class='ocrx_word' id='word_1_56' title='bbox 641 1058 794 1114; x_wconf 89' lang='lat' dir='ltr'>maioribus</span> <span class='ocrx_word' id='word_1_57' title='bbox 812 1058 947 1129; x_wconf 90' lang='lat' dir='ltr'>temporis</span> <span class='ocrx_word' id='word_1_58' title='bbox 964 1058 1104 1129; x_wconf 90' lang='lat' dir='ltr'>angustiis</span> <span class='ocrx_word' id='word_1_59' title='bbox 1122 1077 1232 1129; x_wconf 90' lang='lat' dir='ltr'>pressus</span> <span class='ocrx_word' id='word_1_60' title='bbox 1256 1077 1311 1115; x_wconf 93' lang='lat' dir='ltr'>non</span> <span class='ocrx_word' id='word_1_61' title='bbox 1330 1076 1423 1114; x_wconf 90' lang='lat' dir='ltr'>omnes</span> <span class='ocrx_word' id='word_1_62' title='bbox 1441 1059 1517 1115; x_wconf 88' lang='lat' dir='ltr'>locos</span> <span class='ocrx_word' id='word_1_63' title='bbox 1539 1060 1647 1114; x_wconf 85' lang='lat' dir='ltr'>adferre</span> <span class='ocrx_word' id='word_1_64' title='bbox 1673 1060 1761 1130; x_wconf 91' lang='lat' dir='ltr'>potui.</span> <span class='ocrx_word' id='word_1_65' title='bbox 1798 1059 1855 1115; x_wconf 83' lang='lat' dir='ltr'>Sed</span> 
     </span>
     <span class='ocr_line' id='line_1_7' title="bbox 408 1144 1853 1216; baseline 0.003 -19"><span class='ocrx_word' id='word_1_66' title='bbox 408 1145 460 1199; x_wconf 93' lang='lat' dir='ltr'>hoc</span> <span class='ocrx_word' id='word_1_67' title='bbox 485 1145 560 1198; x_wconf 89' lang='lat' dir='ltr'>haud</span> <span class='ocrx_word' id='word_1_68' title='bbox 586 1163 717 1215; x_wconf 91' lang='lat' dir='ltr'>magnum</span> <span class='ocrx_word' id='word_1_69' title='bbox 746 1144 837 1215; x_wconf 86' lang='lat' dir='ltr'>operis</span> <span class='ocrx_word' id='word_1_70' title='bbox 861 1144 961 1199; x_wconf 91' lang='lat' dir='ltr'>vitium</span> <span class='ocrx_word' id='word_1_71' title='bbox 985 1161 1044 1199; x_wconf 89' lang='lat' dir='ltr'>esse</span> <span class='ocrx_word' id='word_1_72' title='bbox 1068 1147 1150 1214; x_wconf 88' lang='lat' dir='ltr'>puto,</span> <span class='ocrx_word' id='word_1_73' title='bbox 1178 1161 1243 1199; x_wconf 91' lang='lat' dir='ltr'>nam</span> <span class='ocrx_word' id='word_1_74' title='bbox 1268 1144 1321 1200; x_wconf 92' lang='lat' dir='ltr'>etsi</span> <span class='ocrx_word' id='word_1_75' title='bbox 1345 1145 1441 1216; x_wconf 91' lang='lat' dir='ltr'>magni</span> <span class='ocrx_word' id='word_1_76' title='bbox 1465 1144 1598 1201; x_wconf 80' lang='lat' dir='ltr'>momenti</span> <span class='ocrx_word' id='word_1_77' title='bbox 1624 1149 1667 1201; x_wconf 89' lang='lat' dir='ltr'>est</span> <span class='ocrx_word' id='word_1_78' title='bbox 1692 1146 1775 1212; x_wconf 90' lang='lat' dir='ltr'>scire,</span> <span class='ocrx_word' id='word_1_79' title='bbox 1803 1147 1853 1202; x_wconf 93' lang='lat' dir='ltr'>ubi</span> 
     </span>
     <span class='ocr_line' id='line_1_8' title="bbox 407 1230 1853 1302; baseline 0.004 -18"><span class='ocrx_word' id='word_1_80' title='bbox 407 1230 581 1285; x_wconf 91' lang='lat' dir='ltr'>Breviarium</span> <span class='ocrx_word' id='word_1_81' title='bbox 599 1249 649 1302; x_wconf 93' lang='lat' dir='ltr'>per</span> <span class='ocrx_word' id='word_1_82' title='bbox 667 1232 781 1287; x_wconf 89' lang='lat' dir='ltr'>saecula</span> <span class='ocrx_word' id='word_1_83' title='bbox 798 1231 883 1286; x_wconf 91' lang='lat' dir='ltr'>medii</span> <span class='ocrx_word' id='word_1_84' title='bbox 902 1231 965 1287; x_wconf 86' lang='lat' dir='ltr'>aevi</span> <span class='ocrx_word' id='word_1_85' title='bbox 984 1230 1144 1286; x_wconf 90' lang='lat' dir='ltr'>adhibitum</span> <span class='ocrx_word' id='word_1_86' title='bbox 1162 1231 1207 1296; x_wconf 92' lang='lat' dir='ltr'>sit,</span> <span class='ocrx_word' id='word_1_87' title='bbox 1226 1234 1321 1286; x_wconf 87' lang='lat' dir='ltr'>tamen</span> <span class='ocrx_word' id='word_1_88' title='bbox 1340 1248 1395 1286; x_wconf 91' lang='lat' dir='ltr'>non</span> <span class='ocrx_word' id='word_1_89' title='bbox 1415 1231 1490 1287; x_wconf 91' lang='lat' dir='ltr'>tanti</span> <span class='ocrx_word' id='word_1_90' title='bbox 1509 1231 1594 1301; x_wconf 89' lang='lat' dir='ltr'>pretii</span> <span class='ocrx_word' id='word_1_91' title='bbox 1612 1231 1683 1285; x_wconf 92' lang='lat' dir='ltr'>mihi</span> <span class='ocrx_word' id='word_1_92' title='bbox 1701 1250 1759 1288; x_wconf 86' lang='lat' dir='ltr'>esse</span> <span class='ocrx_word' id='word_1_93' title='bbox 1778 1234 1853 1290; x_wconf 90' lang='lat' dir='ltr'>vide·</span> 
     </span>
     <span class='ocr_line' id='line_1_9' title="bbox 408 1317 1852 1387; baseline 0.002 -16"><span class='ocrx_word' id='word_1_94' title='bbox 408 1320 454 1371; x_wconf 91' lang='lat' dir='ltr'>tur</span> <span class='ocrx_word' id='word_1_95' title='bbox 481 1322 613 1373; x_wconf 86' lang='lat' dir='ltr'>accurate</span> <span class='ocrx_word' id='word_1_96' title='bbox 638 1318 815 1387; x_wconf 81' lang='lat' dir='ltr'>intellegere,</span> <span class='ocrx_word' id='word_1_97' title='bbox 840 1320 909 1385; x_wconf 91' lang='lat' dir='ltr'>quot</span> <span class='ocrx_word' id='word_1_98' title='bbox 930 1317 1006 1372; x_wconf 89' lang='lat' dir='ltr'>locos</span> <span class='ocrx_word' id='word_1_99' title='bbox 1031 1317 1137 1387; x_wconf 89' lang='lat' dir='ltr'>singuli</span> <span class='ocrx_word' id='word_1_100' title='bbox 1163 1318 1359 1387; x_wconf 78' lang='lat' dir='ltr'>compilatores</span> <span class='ocrx_word' id='word_1_101' title='bbox 1385 1318 1463 1373; x_wconf 91' lang='lat' dir='ltr'>velut</span> <span class='ocrx_word' id='word_1_102' title='bbox 1487 1317 1657 1373; x_wconf 79' lang='lat' dir='ltr'>Benedictus</span> <span class='ocrx_word' id='word_1_103' title='bbox 1680 1318 1781 1374; x_wconf 86' lang='lat' dir='ltr'>Levita</span> <span class='ocrx_word' id='word_1_104' title='bbox 1807 1321 1852 1375; x_wconf 93' lang='lat' dir='ltr'>vel</span> 
     </span>
     <span class='ocr_line' id='line_1_10' title="bbox 407 1403 990 1473; baseline -0.003 -15"><span class='ocrx_word' id='word_1_105' title='bbox 407 1403 634 1459; x_wconf 88' lang='lat' dir='ltr'>Pseudoieidorus</span> <span class='ocrx_word' id='word_1_106' title='bbox 654 1405 697 1460; x_wconf 90' lang='lat' dir='ltr'>vel</span> <span class='ocrx_word' id='word_1_107' title='bbox 717 1405 765 1458; x_wconf 92' lang='lat' dir='ltr'>lvo</span> <span class='ocrx_word' id='word_1_108' title='bbox 784 1403 990 1473; x_wconf 80' lang='lat' dir='ltr'>assumpserint.</span> 
     </span>
    </p>

    <p class='ocr_par' dir='ltr' id='par_1_3' title="bbox 406 1489 1853 2166">
     <span class='ocr_line' id='line_1_11' title="bbox 497 1489 1853 1560; baseline 0.002 -17"><span class='ocrx_word' id='word_1_109' title='bbox 497 1489 589 1545; x_wconf 91' lang='lat' dir='ltr'>Minus</span> <span class='ocrx_word' id='word_1_110' title='bbox 616 1490 757 1560; x_wconf 79' lang='lat' dir='ltr'>perfectus</span> <span class='ocrx_word' id='word_1_111' title='bbox 777 1494 820 1545; x_wconf 90' lang='lat' dir='ltr'>est</span> <span class='ocrx_word' id='word_1_112' title='bbox 842 1489 925 1546; x_wconf 84' lang='lat' dir='ltr'>index</span> <span class='ocrx_word' id='word_1_113' title='bbox 948 1490 1182 1555; x_wconf 83' lang='lat' dir='ltr'>testimoniorum,</span> <span class='ocrx_word' id='word_1_114' title='bbox 1205 1508 1277 1559; x_wconf 88' lang='lat' dir='ltr'>quae</span> <span class='ocrx_word' id='word_1_115' title='bbox 1301 1492 1335 1545; x_wconf 90' lang='lat' dir='ltr'>de</span> <span class='ocrx_word' id='word_1_116' title='bbox 1358 1508 1408 1545; x_wconf 91' lang='lat' dir='ltr'>usu</span> <span class='ocrx_word' id='word_1_117' title='bbox 1433 1490 1536 1546; x_wconf 86' lang='lat' dir='ltr'>forensi</span> <span class='ocrx_word' id='word_1_118' title='bbox 1553 1490 1690 1547; x_wconf 88' lang='lat' dir='ltr'>Breviarii</span> <span class='ocrx_word' id='word_1_119' title='bbox 1708 1493 1796 1547; x_wconf 92' lang='lat' dir='ltr'>nostri</span> <span class='ocrx_word' id='word_1_120' title='bbox 1818 1509 1853 1547; x_wconf 88' lang='grc'>11</span> 
     </span>
     <span class='ocr_line' id='line_1_12' title="bbox 411 1576 1853 1649; baseline 0.001 -19"><span class='ocrx_word' id='word_1_121' title='bbox 411 1576 497 1631; x_wconf 85' lang='lat' dir='ltr'>variis</span> <span class='ocrx_word' id='word_1_122' title='bbox 516 1578 676 1632; x_wconf 77' lang='lat' dir='ltr'>chartarum</span> <span class='ocrx_word' id='word_1_123' title='bbox 695 1577 929 1646; x_wconf 88' lang='lat' dir='ltr'>formularumque</span> <span class='ocrx_word' id='word_1_124' title='bbox 949 1577 1164 1633; x_wconf 86' lang='lat' dir='ltr'>collectionibus</span> <span class='ocrx_word' id='word_1_125' title='bbox 1181 1577 1308 1649; x_wconf 85' lang='lat' dir='ltr'>praebui.</span> <span class='ocrx_word' id='word_1_126' title='bbox 1344 1577 1437 1633; x_wconf 87' lang='lat' dir='ltr'>Attuli</span> <span class='ocrx_word' id='word_1_127' title='bbox 1459 1580 1570 1631; x_wconf 87' lang='lat' dir='ltr'>tentum</span> <span class='ocrx_word' id='word_1_128' title='bbox 1594 1593 1638 1641; x_wconf 88' lang='lat' dir='ltr'>ea,</span> <span class='ocrx_word' id='word_1_129' title='bbox 1663 1595 1779 1646; x_wconf 91' lang='lat' dir='ltr'>quorum</span> <span class='ocrx_word' id='word_1_130' title='bbox 1799 1579 1853 1633; x_wconf 91' lang='lat' dir='ltr'>viri</span> 
     </span>
     <span class='ocr_line' id='line_1_13' title="bbox 408 1662 1853 1734; baseline 0.002 -17"><span class='ocrx_word' id='word_1_131' title='bbox 408 1663 493 1728; x_wconf 89' lang='lat' dir='ltr'>docti,</span> <span class='ocrx_word' id='word_1_132' title='bbox 518 1663 567 1733; x_wconf 91' lang='lat' dir='ltr'>qui</span> <span class='ocrx_word' id='word_1_133' title='bbox 592 1682 625 1719; x_wconf 88' lang='lat' dir='ltr'>ea</span> <span class='ocrx_word' id='word_1_134' title='bbox 648 1664 683 1719; x_wconf 91' lang='lat' dir='ltr'>de</span> <span class='ocrx_word' id='word_1_135' title='bbox 700 1681 730 1718; x_wconf 94' lang='lat' dir='ltr'>re</span> <span class='ocrx_word' id='word_1_136' title='bbox 754 1664 954 1728; x_wconf 86' lang='lat' dir='ltr'>disseruerunt,</span> <span class='ocrx_word' id='word_1_137' title='bbox 979 1664 1149 1720; x_wconf 89' lang='lat' dir='ltr'>mentionem</span> <span class='ocrx_word' id='word_1_138' title='bbox 1173 1666 1305 1720; x_wconf 88' lang='lat' dir='ltr'>fecerant.</span> <span class='ocrx_word' id='word_1_139' title='bbox 1342 1664 1413 1718; x_wconf 85' lang='lat' dir='ltr'>Sane</span> <span class='ocrx_word' id='word_1_140' title='bbox 1433 1662 1570 1719; x_wconf 82' lang='lat' dir='ltr'>Conratus</span> <span class='ocrx_word' id='word_1_141' title='bbox 1587 1663 1677 1718; x_wconf 79' lang='lat' dir='ltr'>altero</span> <span class='ocrx_word' id='word_1_142' title='bbox 1696 1664 1789 1734; x_wconf 89' lang='lat' dir='ltr'>operis</span> <span class='ocrx_word' id='word_1_143' title='bbox 1807 1665 1853 1720; x_wconf 93' lang='lat' dir='ltr'>sui</span> 
     </span>
     <span class='ocr_line' id='line_1_14' title="bbox 408 1748 1851 1822; baseline 0.002 -18"><span class='ocrx_word' id='word_1_144' title='bbox 408 1749 548 1807; x_wconf 89' lang='lat' dir='ltr'>volumine</span> <span class='ocrx_word' id='word_1_145' title='bbox 566 1752 618 1806; x_wconf 87' lang='lat' dir='ltr'>has</span> <span class='ocrx_word' id='word_1_146' title='bbox 636 1750 823 1822; x_wconf 82' lang='lat' dir='ltr'>allegationes</span> <span class='ocrx_word' id='word_1_147' title='bbox 842 1751 919 1806; x_wconf 89' lang='lat' dir='ltr'>vario</span> <span class='ocrx_word' id='word_1_148' title='bbox 937 1751 1018 1806; x_wconf 90' lang='lat' dir='ltr'>modo</span> <span class='ocrx_word' id='word_1_149' title='bbox 1037 1750 1162 1820; x_wconf 86' lang='lat' dir='ltr'>augebit</span> <span class='ocrx_word' id='word_1_150' title='bbox 1198 1750 1321 1820; x_wconf 83' lang='lat' dir='ltr'>Speciali</span> <span class='ocrx_word' id='word_1_151' title='bbox 1339 1767 1451 1818; x_wconf 91' lang='lat' dir='ltr'>quoque</span> <span class='ocrx_word' id='word_1_152' title='bbox 1475 1748 1570 1803; x_wconf 89' lang='lat' dir='ltr'>studio</span> <span class='ocrx_word' id='word_1_153' title='bbox 1586 1749 1689 1820; x_wconf 89' lang='lat' dir='ltr'>reliqui</span> <span class='ocrx_word' id='word_1_154' title='bbox 1708 1768 1851 1820; x_wconf 85' lang='lat' dir='ltr'>quaerere,</span> 
     </span>
     <span class='ocr_line' id='line_1_15' title="bbox 407 1834 1851 1907; baseline 0.002 -15"><span class='ocrx_word' id='word_1_155' title='bbox 407 1837 541 1907; x_wconf 90' lang='lat' dir='ltr'>quamdin</span> <span class='ocrx_word' id='word_1_156' title='bbox 560 1837 703 1893; x_wconf 89' lang='lat' dir='ltr'>clausulae</span> <span class='ocrx_word' id='word_1_157' title='bbox 722 1837 924 1906; x_wconf 77' lang='lat' dir='ltr'>formulasque,</span> <span class='ocrx_word' id='word_1_158' title='bbox 949 1855 1021 1906; x_wconf 91' lang='lat' dir='ltr'>quae</span> <span class='ocrx_word' id='word_1_159' title='bbox 1040 1838 1076 1891; x_wconf 86' lang='lat' dir='ltr'>ad</span> <span class='ocrx_word' id='word_1_160' title='bbox 1093 1836 1268 1892; x_wconf 88' lang='lat' dir='ltr'>Breviarium</span> <span class='ocrx_word' id='word_1_161' title='bbox 1286 1838 1430 1906; x_wconf 87' lang='lat' dir='ltr'>spectant,</span> <span class='ocrx_word' id='word_1_162' title='bbox 1453 1834 1538 1889; x_wconf 91' lang='lat' dir='ltr'>variis</span> <span class='ocrx_word' id='word_1_163' title='bbox 1557 1835 1670 1905; x_wconf 88' lang='lat' dir='ltr'>placitis</span> <span class='ocrx_word' id='word_1_164' title='bbox 1688 1836 1851 1906; x_wconf 83' lang='lat' dir='ltr'>chartisque</span> 
     </span>
     <span class='ocr_line' id='line_1_16' title="bbox 406 1920 1851 1995; baseline -0.001 -18"><span class='ocrx_word' id='word_1_165' title='bbox 406 1923 571 1993; x_wconf 88' lang='lat' dir='ltr'>praesertim</span> <span class='ocrx_word' id='word_1_166' title='bbox 597 1928 688 1978; x_wconf 87' lang='lat' dir='ltr'>terrae</span> <span class='ocrx_word' id='word_1_167' title='bbox 707 1923 938 1995; x_wconf 87' lang='lat' dir='ltr'>Francogallicae</span> <span class='ocrx_word' id='word_1_168' title='bbox 956 1923 1152 1978; x_wconf 87' lang='lat' dir='ltr'>insererentur.</span> <span class='ocrx_word' id='word_1_169' title='bbox 1188 1922 1240 1976; x_wconf 91' lang='lat' dir='ltr'>llle</span> <span class='ocrx_word' id='word_1_170' title='bbox 1259 1939 1331 1986; x_wconf 89' lang='lat' dir='ltr'>vero,</span> <span class='ocrx_word' id='word_1_171' title='bbox 1351 1921 1400 1990; x_wconf 92' lang='lat' dir='ltr'>qui</span> <span class='ocrx_word' id='word_1_172' title='bbox 1417 1939 1465 1976; x_wconf 91' lang='lat' dir='ltr'>eas</span> <span class='ocrx_word' id='word_1_173' title='bbox 1483 1920 1641 1992; x_wconf 86' lang='lat' dir='ltr'>collegerit,</span> <span class='ocrx_word' id='word_1_174' title='bbox 1663 1941 1742 1976; x_wconf 91' lang='lat' dir='ltr'>usum</span> <span class='ocrx_word' id='word_1_175' title='bbox 1761 1922 1851 1992; x_wconf 89' lang='lat' dir='ltr'>ipsius</span> 
     </span>
     <span class='ocr_line' id='line_1_17' title="bbox 406 2007 1851 2076; baseline 0.002 -14"><span class='ocrx_word' id='word_1_176' title='bbox 406 2008 543 2064; x_wconf 87' lang='lat' dir='ltr'>Breviarii</span> <span class='ocrx_word' id='word_1_177' title='bbox 561 2010 697 2064; x_wconf 87' lang='lat' dir='ltr'>forensem</span> <span class='ocrx_word' id='word_1_178' title='bbox 720 2027 775 2064; x_wconf 89' lang='lat' dir='ltr'>non</span> <span class='ocrx_word' id='word_1_179' title='bbox 798 2013 873 2065; x_wconf 85' lang='lat' dir='ltr'>recte</span> <span class='ocrx_word' id='word_1_180' title='bbox 897 2007 1063 2074; x_wconf 85' lang='lat' dir='ltr'>illustrabit,</span> <span class='ocrx_word' id='word_1_181' title='bbox 1089 2008 1144 2062; x_wconf 91' lang='lat' dir='ltr'>nisi</span> <span class='ocrx_word' id='word_1_182' title='bbox 1166 2007 1407 2070; x_wconf 62' lang='lat' dir='ltr'>animmverterit,</span> <span class='ocrx_word' id='word_1_183' title='bbox 1431 2007 1563 2076; x_wconf 88' lang='lat' dir='ltr'>quamdiu</span> <span class='ocrx_word' id='word_1_184' title='bbox 1587 2009 1641 2063; x_wconf 89' lang='lat' dir='ltr'>hae</span> <span class='ocrx_word' id='word_1_185' title='bbox 1659 2007 1802 2064; x_wconf 88' lang='lat' dir='ltr'>clausulae</span> <span class='ocrx_word' id='word_1_186' title='bbox 1820 2013 1851 2065; x_wconf 90' lang='lat' dir='ltr'>et</span> 
     </span>
     <span class='ocr_line' id='line_1_18' title="bbox 406 2094 1125 2166; baseline 0.004 -18"><span class='ocrx_word' id='word_1_187' title='bbox 406 2095 541 2151; x_wconf 85' lang='lat' dir='ltr'>formulae</span> <span class='ocrx_word' id='word_1_188' title='bbox 560 2095 656 2150; x_wconf 89' lang='lat' dir='ltr'>codice</span> <span class='ocrx_word' id='word_1_189' title='bbox 674 2096 736 2165; x_wconf 90' lang='lat' dir='ltr'>ipso</span> <span class='ocrx_word' id='word_1_190' title='bbox 754 2095 810 2150; x_wconf 91' lang='lat' dir='ltr'>iam</span> <span class='ocrx_word' id='word_1_191' title='bbox 829 2096 959 2166; x_wconf 90' lang='lat' dir='ltr'>neglecto</span> <span class='ocrx_word' id='word_1_192' title='bbox 977 2094 1125 2151; x_wconf 85' lang='lat' dir='ltr'>valuerint</span> 
     </span>
    </p>

    <p class='ocr_par' dir='ltr' id='par_1_4' title="bbox 404 2180 1850 2599">
     <span class='ocr_line' id='line_1_19' title="bbox 491 2180 1850 2253; baseline 0.002 -19"><span class='ocrx_word' id='word_1_193' title='bbox 491 2180 562 2236; x_wconf 85' lang='lat' dir='ltr'>Dein</span> <span class='ocrx_word' id='word_1_194' title='bbox 581 2200 694 2251; x_wconf 90' lang='lat' dir='ltr'>operam</span> <span class='ocrx_word' id='word_1_195' title='bbox 713 2182 786 2247; x_wconf 92' lang='lat' dir='ltr'>dedi,</span> <span class='ocrx_word' id='word_1_196' title='bbox 804 2186 837 2237; x_wconf 95' lang='lat' dir='ltr'>ut</span> <span class='ocrx_word' id='word_1_197' title='bbox 855 2200 910 2237; x_wconf 93' lang='lat' dir='ltr'>non</span> <span class='ocrx_word' id='word_1_198' title='bbox 928 2181 1018 2238; x_wconf 91' lang='lat' dir='ltr'>solum</span> <span class='ocrx_word' id='word_1_199' title='bbox 1032 2180 1204 2238; x_wconf 88' lang='lat' dir='ltr'>Breviarii</span> <span class='ocrx_word' id='word_1_200' title='bbox 1222 2180 1312 2252; x_wconf 89' lang='lat' dir='ltr'>ipsius</span> <span class='ocrx_word' id='word_1_201' title='bbox 1329 2199 1394 2236; x_wconf 89' lang='lat' dir='ltr'>usus</span> <span class='ocrx_word' id='word_1_202' title='bbox 1411 2198 1461 2250; x_wconf 92' lang='lat' dir='ltr'>per</span> <span class='ocrx_word' id='word_1_203' title='bbox 1472 2181 1594 2237; x_wconf 90' lang='lat' dir='ltr'>medium</span> <span class='ocrx_word' id='word_1_204' title='bbox 1606 2199 1706 2237; x_wconf 88' lang='lat' dir='ltr'>aevum</span> <span class='ocrx_word' id='word_1_205' title='bbox 1724 2181 1850 2253; x_wconf 83' lang='lat' dir='ltr'>explora-</span> 
     </span>
     <span class='ocr_line' id='line_1_20' title="bbox 404 2266 1850 2338; baseline 0.001 -18"><span class='ocrx_word' id='word_1_206' title='bbox 404 2269 483 2322; x_wconf 88' lang='lat' dir='ltr'>retur</span> <span class='ocrx_word' id='word_1_207' title='bbox 500 2268 548 2322; x_wconf 87' lang='lat' dir='ltr'>sed</span> <span class='ocrx_word' id='word_1_208' title='bbox 567 2267 653 2324; x_wconf 90' lang='lat' dir='ltr'>etiam</span> <span class='ocrx_word' id='word_1_209' title='bbox 675 2267 904 2338; x_wconf 87' lang='lat' dir='ltr'>epitomarum</span> <span class='ocrx_word' id='word_1_210' title='bbox 923 2267 1004 2322; x_wconf 91' lang='lat' dir='ltr'>—in</span> <span class='ocrx_word' id='word_1_211' title='bbox 1027 2267 1084 2322; x_wconf 88' lang='lat' dir='ltr'>illis</span> <span class='ocrx_word' id='word_1_212' title='bbox 1107 2266 1195 2323; x_wconf 88' lang='lat' dir='ltr'>etiam</span> <span class='ocrx_word' id='word_1_213' title='bbox 1213 2267 1284 2337; x_wconf 89' lang='lat' dir='ltr'>legis</span> <span class='ocrx_word' id='word_1_214' title='bbox 1302 2267 1445 2321; x_wconf 88' lang='lat' dir='ltr'>Romanae</span> <span class='ocrx_word' id='word_1_215' title='bbox 1466 2266 1616 2333; x_wconf 77' lang='lat' dir='ltr'>curiensis,</span> <span class='ocrx_word' id='word_1_216' title='bbox 1638 2285 1711 2337; x_wconf 90' lang='lat' dir='ltr'>quae</span> <span class='ocrx_word' id='word_1_217' title='bbox 1736 2285 1754 2323; x_wconf 88' lang='lat' dir='ltr'>a</span> <span class='ocrx_word' id='word_1_218' title='bbox 1778 2285 1850 2323; x_wconf 90' lang='lat' dir='ltr'>com-</span> 
     </span>
     <span class='ocr_line' id='line_1_21' title="bbox 406 2352 1850 2426; baseline 0.001 -19"><span class='ocrx_word' id='word_1_219' title='bbox 406 2353 533 2424; x_wconf 89' lang='lat' dir='ltr'>pluribus</span> <span class='ocrx_word' id='word_1_220' title='bbox 558 2354 720 2409; x_wconf 87' lang='lat' dir='ltr'>auctoribus</span> <span class='ocrx_word' id='word_1_221' title='bbox 742 2355 865 2426; x_wconf 90' lang='lat' dir='ltr'>epitome</span> <span class='ocrx_word' id='word_1_222' title='bbox 889 2356 914 2408; x_wconf 82' lang='lat' dir='ltr'>S.</span> <span class='ocrx_word' id='word_1_223' title='bbox 932 2354 1008 2410; x_wconf 88' lang='lat' dir='ltr'>Galli</span> <span class='ocrx_word' id='word_1_224' title='bbox 1026 2354 1187 2409; x_wconf 89' lang='lat' dir='ltr'>nominatur</span> <span class='ocrx_word' id='word_1_225' title='bbox 1210 2384 1243 2392; x_wconf 97' lang='lat'>-</span> <span class='ocrx_word' id='word_1_226' title='bbox 1270 2357 1299 2408; x_wconf 91' lang='lat' dir='ltr'>et</span> <span class='ocrx_word' id='word_1_227' title='bbox 1321 2353 1386 2408; x_wconf 89' lang='lat' dir='ltr'>libri</span> <span class='ocrx_word' id='word_1_228' title='bbox 1405 2352 1507 2408; x_wconf 93' lang='lat' dir='ltr'>decimi</span> <span class='ocrx_word' id='word_1_229' title='bbox 1525 2353 1596 2409; x_wconf 83' lang='lat' dir='ltr'>sexti</span> <span class='ocrx_word' id='word_1_230' title='bbox 1618 2353 1850 2409; x_wconf 67' lang='lat' dir='ltr'>&#39;theodosiani</span> 
     </span>
     <span class='ocr_line' id='line_1_22' title="bbox 405 2439 1850 2510; baseline 0.001 -14"><span class='ocrx_word' id='word_1_231' title='bbox 405 2440 554 2510; x_wconf 85' lang='lat' dir='ltr'>genuini.</span> <span class='ocrx_word' id='word_1_232' title='bbox 592 2439 699 2502; x_wconf 84' lang='lat' dir='ltr'>Quibus</span> <span class='ocrx_word' id='word_1_233' title='bbox 721 2442 855 2496; x_wconf 90' lang='lat' dir='ltr'>nonnulla</span> <span class='ocrx_word' id='word_1_234' title='bbox 880 2459 913 2497; x_wconf 89' lang='grc'>11</span> <span class='ocrx_word' id='word_1_235' title='bbox 937 2440 1190 2496; x_wconf 88' lang='lat' dir='ltr'>constitutionibus</span> <span class='ocrx_word' id='word_1_236' title='bbox 1209 2439 1456 2495; x_wconf 79' lang='lat' dir='ltr'>sirmondianis</span> <span class='ocrx_word' id='word_1_237' title='bbox 1478 2442 1508 2496; x_wconf 92' lang='lat' dir='ltr'>et</span> <span class='ocrx_word' id='word_1_238' title='bbox 1531 2457 1565 2496; x_wconf 90' lang='lat' dir='ltr'>ex</span> <span class='ocrx_word' id='word_1_239' title='bbox 1583 2439 1744 2496; x_wconf 89' lang='lat' dir='ltr'>Novellis</span> <span class='ocrx_word' id='word_1_240' title='bbox 1769 2445 1850 2498; x_wconf 85' lang='lat' dir='ltr'>extra</span> 
     </span>
     <span class='ocr_line' id='line_1_23' title="bbox 405 2525 889 2599; baseline 0.002 -19"><span class='ocrx_word' id='word_1_241' title='bbox 405 2525 579 2581; x_wconf 87' lang='lat' dir='ltr'>Breviarium</span> <span class='ocrx_word' id='word_1_242' title='bbox 598 2526 768 2599; x_wconf 88' lang='lat' dir='ltr'>vagantibus</span> <span class='ocrx_word' id='word_1_243' title='bbox 785 2526 889 2582; x_wconf 88' lang='lat' dir='ltr'>addidi.</span> 
     </span>
    </p>

    <p class='ocr_par' dir='ltr' id='par_1_5' title="bbox 404 2610 1853 3030">
     <span class='ocr_line' id='line_1_24' title="bbox 492 2610 1853 2684; baseline -0.001 -16"><span class='ocrx_word' id='word_1_244' title='bbox 492 2614 524 2668; x_wconf 92' lang='lat' dir='ltr'>In</span> <span class='ocrx_word' id='word_1_245' title='bbox 542 2612 657 2668; x_wconf 87' lang='lat' dir='ltr'>tabellis</span> <span class='ocrx_word' id='word_1_246' title='bbox 675 2614 730 2668; x_wconf 91' lang='lat' dir='ltr'>duo</span> <span class='ocrx_word' id='word_1_247' title='bbox 748 2613 829 2684; x_wconf 88' lang='lat' dir='ltr'>signa</span> <span class='ocrx_word' id='word_1_248' title='bbox 848 2614 891 2683; x_wconf 72' lang='grc' dir='ltr'>[ε</span> <span class='ocrx_word' id='word_1_249' title='bbox 910 2617 940 2668; x_wconf 90' lang='grc'>11</span> <span class='ocrx_word' id='word_1_250' title='bbox 958 2612 1017 2682; x_wconf 77' lang='lat' dir='ltr'>cfr]</span> <span class='ocrx_word' id='word_1_251' title='bbox 1037 2611 1129 2682; x_wconf 93' lang='lat' dir='ltr'>posui,</span> <span class='ocrx_word' id='word_1_252' title='bbox 1153 2630 1271 2680; x_wconf 91' lang='lat' dir='ltr'>quorum</span> <span class='ocrx_word' id='word_1_253' title='bbox 1288 2611 1380 2681; x_wconf 91' lang='lat' dir='ltr'>priore</span> <span class='ocrx_word' id='word_1_254' title='bbox 1398 2610 1433 2665; x_wconf 90' lang='lat' dir='ltr'>iis</span> <span class='ocrx_word' id='word_1_255' title='bbox 1452 2615 1563 2669; x_wconf 88' lang='lat' dir='ltr'>tantum</span> <span class='ocrx_word' id='word_1_256' title='bbox 1581 2612 1652 2668; x_wconf 89' lang='lat' dir='ltr'>locis</span> <span class='ocrx_word' id='word_1_257' title='bbox 1669 2613 1778 2677; x_wconf 89' lang='lat' dir='ltr'>utebar,</span> <span class='ocrx_word' id='word_1_258' title='bbox 1802 2613 1853 2668; x_wconf 93' lang='lat' dir='ltr'>ubi</span> 
     </span>
     <span class='ocr_line' id='line_1_25' title="bbox 405 2697 1852 2770; baseline 0.003 -19"><span class='ocrx_word' id='word_1_259' title='bbox 405 2698 537 2768; x_wconf 88' lang='lat' dir='ltr'>neglecta</span> <span class='ocrx_word' id='word_1_260' title='bbox 554 2715 644 2769; x_wconf 89' lang='lat' dir='ltr'>parva</span> <span class='ocrx_word' id='word_1_261' title='bbox 659 2699 805 2755; x_wconf 89' lang='lat' dir='ltr'>verborum</span> <span class='ocrx_word' id='word_1_262' title='bbox 823 2699 980 2754; x_wconf 87' lang='lat' dir='ltr'>mutatione</span> <span class='ocrx_word' id='word_1_263' title='bbox 994 2700 1038 2753; x_wconf 92' lang='lat' dir='ltr'>vel</span> <span class='ocrx_word' id='word_1_264' title='bbox 1057 2697 1213 2754; x_wconf 87' lang='lat' dir='ltr'>inversione</span> <span class='ocrx_word' id='word_1_265' title='bbox 1226 2697 1366 2753; x_wconf 88' lang='lat' dir='ltr'>Breviarii</span> <span class='ocrx_word' id='word_1_266' title='bbox 1384 2699 1544 2768; x_wconf 87' lang='lat' dir='ltr'>fragmenta</span> <span class='ocrx_word' id='word_1_267' title='bbox 1562 2699 1699 2770; x_wconf 90' lang='lat' dir='ltr'>integra</span> <span class='ocrx_word' id='word_1_268' title='bbox 1717 2699 1746 2753; x_wconf 87' lang='lat' dir='ltr'>in</span> <span class='ocrx_word' id='word_1_269' title='bbox 1759 2703 1852 2769; x_wconf 84' lang='lat' dir='ltr'>poste·</span> 
     </span>
     <span class='ocr_line' id='line_1_26' title="bbox 404 2784 1852 2858; baseline 0.001 -19"><span class='ocrx_word' id='word_1_270' title='bbox 404 2784 491 2840; x_wconf 90' lang='lat' dir='ltr'>riores</span> <span class='ocrx_word' id='word_1_271' title='bbox 509 2785 601 2840; x_wconf 88' lang='lat' dir='ltr'>fontes</span> <span class='ocrx_word' id='word_1_272' title='bbox 619 2785 798 2841; x_wconf 87' lang='lat' dir='ltr'>transierunt.</span> <span class='ocrx_word' id='word_1_273' title='bbox 835 2788 961 2842; x_wconf 84' lang='lat' dir='ltr'>Alterum</span> <span class='ocrx_word' id='word_1_274' title='bbox 981 2803 1045 2841; x_wconf 92' lang='lat' dir='ltr'>vero</span> <span class='ocrx_word' id='word_1_275' title='bbox 1068 2784 1252 2852; x_wconf 87' lang='lat' dir='ltr'>adhibebam,</span> <span class='ocrx_word' id='word_1_276' title='bbox 1276 2789 1309 2839; x_wconf 89' lang='lat' dir='ltr'>ut</span> <span class='ocrx_word' id='word_1_277' title='bbox 1328 2785 1520 2840; x_wconf 86' lang='lat' dir='ltr'>ostenderetur</span> <span class='ocrx_word' id='word_1_278' title='bbox 1538 2785 1696 2858; x_wconf 76' lang='lat' dir='ltr'>fragmenta</span> <span class='ocrx_word' id='word_1_279' title='bbox 1712 2785 1852 2841; x_wconf 88' lang='lat' dir='ltr'>Breviarii</span> 
     </span>
     <span class='ocr_line' id='line_1_27' title="bbox 406 2871 1853 2944; baseline 0 -18"><span class='ocrx_word' id='word_1_280' title='bbox 406 2871 605 2926; x_wconf 77' lang='lat' dir='ltr'>hansformata</span> <span class='ocrx_word' id='word_1_281' title='bbox 623 2888 682 2926; x_wconf 89' lang='lat' dir='ltr'>esse</span> <span class='ocrx_word' id='word_1_282' title='bbox 702 2873 745 2926; x_wconf 90' lang='lat' dir='ltr'>vel</span> <span class='ocrx_word' id='word_1_283' title='bbox 764 2876 912 2941; x_wconf 90' lang='lat' dir='ltr'>utrumque</span> <span class='ocrx_word' id='word_1_284' title='bbox 935 2876 1044 2928; x_wconf 84' lang='lat' dir='ltr'>textum</span> <span class='ocrx_word' id='word_1_285' title='bbox 1062 2889 1144 2927; x_wconf 89' lang='lat' dir='ltr'>sensu</span> <span class='ocrx_word' id='word_1_286' title='bbox 1168 2874 1279 2927; x_wconf 90' lang='lat' dir='ltr'>tantum</span> <span class='ocrx_word' id='word_1_287' title='bbox 1297 2888 1456 2941; x_wconf 87' lang='lat' dir='ltr'>congruere.</span> <span class='ocrx_word' id='word_1_288' title='bbox 1492 2871 1549 2927; x_wconf 94' lang='lat' dir='ltr'>Ubi</span> <span class='ocrx_word' id='word_1_289' title='bbox 1567 2872 1602 2927; x_wconf 87' lang='lat' dir='ltr'>de</span> <span class='ocrx_word' id='word_1_290' title='bbox 1620 2871 1757 2928; x_wconf 89' lang='lat' dir='ltr'>Breviarii</span> <span class='ocrx_word' id='word_1_291' title='bbox 1779 2874 1853 2944; x_wconf 86' lang='lat' dir='ltr'>frag·</span> 
     </span>
     <span class='ocr_line' id='line_1_28' title="bbox 406 2958 1106 3030; baseline 0 -18"><span class='ocrx_word' id='word_1_292' title='bbox 406 2962 561 3014; x_wconf 87' lang='lat' dir='ltr'>mentorum</span> <span class='ocrx_word' id='word_1_293' title='bbox 579 2976 631 3012; x_wconf 88' lang='lat' dir='ltr'>usu</span> <span class='ocrx_word' id='word_1_294' title='bbox 650 2958 823 3023; x_wconf 87' lang='lat' dir='ltr'>dubitabam,</span> <span class='ocrx_word' id='word_1_295' title='bbox 842 2959 952 3030; x_wconf 90' lang='lat' dir='ltr'>signum</span> <span class='ocrx_word' id='word_1_296' title='bbox 966 2959 998 3028; x_wconf 78' lang='lat'>1?]</span> <span class='ocrx_word' id='word_1_297' title='bbox 1018 2958 1106 3028; x_wconf 91' lang='lat' dir='ltr'>posui.</span> 
     </span>
    </p>

    <p class='ocr_par' dir='ltr' id='par_1_6' title="bbox 404 3041 1853 3463">
     <span class='ocr_line' id='line_1_29' title="bbox 495 3041 1853 3117; baseline 0 -17"><span class='ocrx_word' id='word_1_298' title='bbox 495 3044 613 3101; x_wconf 84' lang='lat' dir='ltr'>Constat</span> <span class='ocrx_word' id='word_1_299' title='bbox 643 3044 802 3117; x_wconf 84' lang='lat' dir='ltr'>fragmenta</span> <span class='ocrx_word' id='word_1_300' title='bbox 826 3044 965 3100; x_wconf 83' lang='lat' dir='ltr'>Breviarii</span> <span class='ocrx_word' id='word_1_301' title='bbox 995 3063 1013 3101; x_wconf 92' lang='lat' dir='ltr'>a</span> <span class='ocrx_word' id='word_1_302' title='bbox 1039 3043 1273 3116; x_wconf 85' lang='lat' dir='ltr'>compilatoribus</span> <span class='ocrx_word' id='word_1_303' title='bbox 1299 3041 1577 3099; x_wconf 88' lang='lat' dir='ltr'>Pseudoisidorianae</span> <span class='ocrx_word' id='word_1_304' title='bbox 1606 3048 1636 3101; x_wconf 92' lang='lat' dir='ltr'>et</span> <span class='ocrx_word' id='word_1_305' title='bbox 1662 3042 1853 3114; x_wconf 88' lang='lat' dir='ltr'>capitulorum</span> 
     </span>
     <span class='ocr_line' id='line_1_30' title="bbox 406 3129 1853 3201; baseline 0.001 -16"><span class='ocrx_word' id='word_1_306' title='bbox 406 3130 581 3201; x_wconf 78' lang='lat' dir='ltr'>Angilramni</span> <span class='ocrx_word' id='word_1_307' title='bbox 599 3132 718 3187; x_wconf 91' lang='lat' dir='ltr'>multum</span> <span class='ocrx_word' id='word_1_308' title='bbox 737 3130 887 3187; x_wconf 85' lang='lat' dir='ltr'>immutata</span> <span class='ocrx_word' id='word_1_309' title='bbox 905 3137 934 3188; x_wconf 91' lang='lat' dir='ltr'>et</span> <span class='ocrx_word' id='word_1_310' title='bbox 952 3130 994 3187; x_wconf 88' lang='lat' dir='ltr'>ita</span> <span class='ocrx_word' id='word_1_311' title='bbox 1012 3132 1104 3187; x_wconf 82' lang='lat' dir='ltr'>textui</span> <span class='ocrx_word' id='word_1_312' title='bbox 1123 3150 1141 3186; x_wconf 88' lang='lat' dir='ltr'>a</span> <span class='ocrx_word' id='word_1_313' title='bbox 1158 3131 1272 3186; x_wconf 87' lang='lat' dir='ltr'>falsario</span> <span class='ocrx_word' id='word_1_314' title='bbox 1291 3129 1448 3200; x_wconf 90' lang='lat' dir='ltr'>conscripto</span> <span class='ocrx_word' id='word_1_315' title='bbox 1466 3130 1571 3186; x_wconf 88' lang='lat' dir='ltr'>inserta</span> <span class='ocrx_word' id='word_1_316' title='bbox 1589 3148 1657 3187; x_wconf 88' lang='lat' dir='ltr'>esse.</span> <span class='ocrx_word' id='word_1_317' title='bbox 1688 3131 1748 3186; x_wconf 91' lang='lat' dir='ltr'>Hac</span> <span class='ocrx_word' id='word_1_318' title='bbox 1760 3133 1853 3187; x_wconf 88' lang='lat' dir='ltr'>forma</span> 
     </span>
     <span class='ocr_line' id='line_1_31' title="bbox 406 3216 1849 3288; baseline 0 -15"><span class='ocrx_word' id='word_1_319' title='bbox 406 3218 488 3274; x_wconf 91' lang='lat' dir='ltr'>multi</span> <span class='ocrx_word' id='word_1_320' title='bbox 506 3218 644 3274; x_wconf 89' lang='lat' dir='ltr'>Breviarii</span> <span class='ocrx_word' id='word_1_321' title='bbox 665 3217 720 3273; x_wconf 97' lang='lat' dir='ltr'>loci</span> <span class='ocrx_word' id='word_1_322' title='bbox 742 3218 772 3272; x_wconf 91' lang='lat' dir='ltr'>in</span> <span class='ocrx_word' id='word_1_323' title='bbox 796 3218 977 3274; x_wconf 90' lang='lat' dir='ltr'>collectiones</span> <span class='ocrx_word' id='word_1_324' title='bbox 995 3218 1162 3288; x_wconf 80' lang='lat' dir='ltr'>posteriores</span> <span class='ocrx_word' id='word_1_325' title='bbox 1180 3217 1460 3274; x_wconf 86' lang='lat' dir='ltr'>transscribebantur.</span> <span class='ocrx_word' id='word_1_326' title='bbox 1496 3216 1625 3286; x_wconf 84' lang='lat' dir='ltr'>Exempli</span> <span class='ocrx_word' id='word_1_327' title='bbox 1642 3216 1738 3288; x_wconf 87' lang='lat' dir='ltr'>gratia</span> <span class='ocrx_word' id='word_1_328' title='bbox 1761 3216 1849 3273; x_wconf 89' lang='lat' dir='ltr'>etiam</span> 
     </span>
     <span class='ocr_line' id='line_1_32' title="bbox 404 3302 1852 3375; baseline 0.001 -16"><span class='ocrx_word' id='word_1_329' title='bbox 404 3304 455 3359; x_wconf 90' lang='lat' dir='ltr'>hos</span> <span class='ocrx_word' id='word_1_330' title='bbox 472 3303 607 3359; x_wconf 78' lang='lat' dir='ltr'>falsarum</span> <span class='ocrx_word' id='word_1_331' title='bbox 618 3303 816 3360; x_wconf 89' lang='lat' dir='ltr'>collectionum</span> <span class='ocrx_word' id='word_1_332' title='bbox 828 3305 904 3360; x_wconf 91' lang='lat' dir='ltr'>locos</span> <span class='ocrx_word' id='word_1_333' title='bbox 922 3305 1061 3360; x_wconf 91' lang='lat' dir='ltr'>interdum</span> <span class='ocrx_word' id='word_1_334' title='bbox 1079 3304 1258 3375; x_wconf 85' lang='lat' dir='ltr'>investigavi,</span> <span class='ocrx_word' id='word_1_335' title='bbox 1277 3304 1326 3359; x_wconf 88' lang='lat' dir='ltr'>sed</span> <span class='ocrx_word' id='word_1_336' title='bbox 1343 3307 1376 3358; x_wconf 92' lang='lat' dir='ltr'>ut</span> <span class='ocrx_word' id='word_1_337' title='bbox 1394 3303 1430 3359; x_wconf 88' lang='lat' dir='ltr'>ab</span> <span class='ocrx_word' id='word_1_338' title='bbox 1448 3302 1514 3358; x_wconf 91' lang='lat' dir='ltr'>aliis</span> <span class='ocrx_word' id='word_1_339' title='bbox 1526 3302 1775 3375; x_wconf 84' lang='lat' dir='ltr'>distinguerentur,</span> <span class='ocrx_word' id='word_1_340' title='bbox 1794 3322 1852 3361; x_wconf 89' lang='lat' dir='ltr'>eos·</span> 
     </span>
     <span class='ocr_line' id='line_1_33' title="bbox 406 3391 806 3463; baseline 0.003 -17"><span class='ocrx_word' id='word_1_341' title='bbox 406 3392 469 3448; x_wconf 93' lang='lat' dir='ltr'>dem</span> <span class='ocrx_word' id='word_1_342' title='bbox 487 3391 621 3448; x_wconf 87' lang='lat' dir='ltr'>asterisco</span> <span class='ocrx_word' id='word_1_343' title='bbox 635 3392 668 3462; x_wconf 76' lang='grc' dir='ltr'>[Ἴ</span> <span class='ocrx_word' id='word_1_344' title='bbox 687 3391 806 3463; x_wconf 88' lang='lat' dir='ltr'>signavi.</span> 
     </span>
    </p>

    <p class='ocr_par' dir='ltr' id='par_1_7' title="bbox 405 3474 1853 3706">
     <span class='ocr_line' id='line_1_34' title="bbox 490 3474 1853 3548; baseline -0.001 -16"><span class='ocrx_word' id='word_1_345' title='bbox 490 3478 597 3534; x_wconf 89' lang='lat' dir='ltr'>Deinde</span> <span class='ocrx_word' id='word_1_346' title='bbox 616 3496 730 3548; x_wconf 90' lang='lat' dir='ltr'>operam</span> <span class='ocrx_word' id='word_1_347' title='bbox 747 3477 868 3544; x_wconf 90' lang='lat' dir='ltr'>intendi,</span> <span class='ocrx_word' id='word_1_348' title='bbox 893 3479 925 3532; x_wconf 92' lang='lat' dir='ltr'>ut</span> <span class='ocrx_word' id='word_1_349' title='bbox 943 3480 1074 3532; x_wconf 88' lang='lat' dir='ltr'>accurate</span> <span class='ocrx_word' id='word_1_350' title='bbox 1092 3477 1279 3547; x_wconf 85' lang='lat' dir='ltr'>explorarem,</span> <span class='ocrx_word' id='word_1_351' title='bbox 1302 3480 1395 3533; x_wconf 84' lang='lat' dir='ltr'>utnrm</span> <span class='ocrx_word' id='word_1_352' title='bbox 1413 3478 1541 3531; x_wconf 89' lang='lat' dir='ltr'>auctores</span> <span class='ocrx_word' id='word_1_353' title='bbox 1559 3474 1700 3530; x_wconf 86' lang='lat' dir='ltr'>variarum</span> <span class='ocrx_word' id='word_1_354' title='bbox 1718 3474 1853 3545; x_wconf 88' lang='lat' dir='ltr'>compila-</span> 
     </span>
     <span class='ocr_line' id='line_1_35' title="bbox 405 3561 1853 3634; baseline -0.001 -15"><span class='ocrx_word' id='word_1_355' title='bbox 405 3563 514 3619; x_wconf 91' lang='lat' dir='ltr'>tionum</span> <span class='ocrx_word' id='word_1_356' title='bbox 532 3564 593 3634; x_wconf 90' lang='lat' dir='ltr'>ipso</span> <span class='ocrx_word' id='word_1_357' title='bbox 612 3565 756 3620; x_wconf 86' lang='lat' dir='ltr'>Breviario</span> <span class='ocrx_word' id='word_1_358' title='bbox 776 3564 818 3619; x_wconf 89' lang='lat' dir='ltr'>usi</span> <span class='ocrx_word' id='word_1_359' title='bbox 836 3567 929 3619; x_wconf 89' lang='lat' dir='ltr'>essent</span> <span class='ocrx_word' id='word_1_360' title='bbox 947 3580 982 3618; x_wconf 91' lang='lat' dir='ltr'>an</span> <span class='ocrx_word' id='word_1_361' title='bbox 1001 3563 1162 3634; x_wconf 87' lang='lat' dir='ltr'>fragmenta</span> <span class='ocrx_word' id='word_1_362' title='bbox 1179 3581 1213 3618; x_wconf 86' lang='lat' dir='ltr'>ex</span> <span class='ocrx_word' id='word_1_363' title='bbox 1231 3563 1288 3618; x_wconf 92' lang='lat' dir='ltr'>alio</span> <span class='ocrx_word' id='word_1_364' title='bbox 1306 3563 1426 3632; x_wconf 88' lang='lat' dir='ltr'>quodam</span> <span class='ocrx_word' id='word_1_365' title='bbox 1444 3561 1522 3618; x_wconf 87' lang='lat' dir='ltr'>fonte</span> <span class='ocrx_word' id='word_1_366' title='bbox 1536 3561 1680 3618; x_wconf 90' lang='lat' dir='ltr'>Breviario</span> <span class='ocrx_word' id='word_1_367' title='bbox 1698 3561 1853 3631; x_wconf 88' lang='lat' dir='ltr'>posteriore</span> 
     </span>
     <span class='ocr_line' id='line_1_36' title="bbox 405 3649 1801 3706; baseline 0 -1"><span class='ocrx_word' id='word_1_368' title='bbox 405 3649 573 3706; x_wconf 88' lang='lat' dir='ltr'>hausissent</span> <span class='ocrx_word' id='word_1_369' title='bbox 1797 3664 1801 3670; x_wconf 81' lang='grc'><em>·</em></span> 
     </span>
    </p>

    <p class='ocr_par' dir='ltr' id='par_1_8' title="bbox 404 3732 1853 4758">
     <span class='ocr_line' id='line_1_37' title="bbox 492 3732 1852 3807; baseline -0.001 -18"><span class='ocrx_word' id='word_1_370' title='bbox 492 3736 684 3807; x_wconf 90' lang='lat' dir='ltr'>Manuscripta</span> <span class='ocrx_word' id='word_1_371' title='bbox 703 3736 843 3791; x_wconf 87' lang='lat' dir='ltr'>variarum</span> <span class='ocrx_word' id='word_1_372' title='bbox 862 3734 1093 3806; x_wconf 88' lang='lat' dir='ltr'>compilationum</span> <span class='ocrx_word' id='word_1_373' title='bbox 1112 3736 1205 3790; x_wconf 90' lang='lat' dir='ltr'>adhuc</span> <span class='ocrx_word' id='word_1_374' title='bbox 1223 3734 1394 3790; x_wconf 85' lang='lat' dir='ltr'>ineditarum</span> <span class='ocrx_word' id='word_1_375' title='bbox 1417 3734 1477 3803; x_wconf 90' lang='lat' dir='ltr'>ipse</span> <span class='ocrx_word' id='word_1_376' title='bbox 1495 3751 1550 3789; x_wconf 92' lang='lat' dir='ltr'>non</span> <span class='ocrx_word' id='word_1_377' title='bbox 1569 3732 1694 3805; x_wconf 85' lang='lat' dir='ltr'>excerpsi</span> <span class='ocrx_word' id='word_1_378' title='bbox 1710 3734 1759 3790; x_wconf 88' lang='lat' dir='ltr'>sed</span> <span class='ocrx_word' id='word_1_379' title='bbox 1777 3734 1852 3806; x_wconf 78' lang='lat' dir='ltr'>trag·</span> 
     </span>
     <span class='ocr_line' id='line_1_38' title="bbox 404 3820 1852 3892; baseline 0 -16"><span class='ocrx_word' id='word_1_380' title='bbox 404 3825 501 3878; x_wconf 87' lang='lat' dir='ltr'>menta</span> <span class='ocrx_word' id='word_1_381' title='bbox 520 3827 631 3878; x_wconf 89' lang='lat' dir='ltr'>tantum</span> <span class='ocrx_word' id='word_1_382' title='bbox 650 3823 797 3888; x_wconf 87' lang='lat' dir='ltr'>adnotavi,</span> <span class='ocrx_word' id='word_1_383' title='bbox 822 3841 894 3892; x_wconf 89' lang='lat' dir='ltr'>quae</span> <span class='ocrx_word' id='word_1_384' title='bbox 912 3823 1063 3892; x_wconf 89' lang='lat' dir='ltr'>scriptores</span> <span class='ocrx_word' id='word_1_385' title='bbox 1087 3841 1121 3877; x_wconf 89' lang='grc'>11</span> <span class='ocrx_word' id='word_1_386' title='bbox 1139 3821 1196 3877; x_wconf 89' lang='lat' dir='ltr'>illis</span> <span class='ocrx_word' id='word_1_387' title='bbox 1215 3822 1359 3878; x_wconf 91' lang='lat' dir='ltr'>codicibus</span> <span class='ocrx_word' id='word_1_388' title='bbox 1376 3826 1562 3892; x_wconf 87' lang='lat' dir='ltr'>sumpserant.</span> <span class='ocrx_word' id='word_1_389' title='bbox 1598 3822 1659 3884; x_wconf 82' lang='lat' dir='ltr'>Qua</span> <span class='ocrx_word' id='word_1_390' title='bbox 1680 3820 1710 3876; x_wconf 88' lang='lat' dir='ltr'>in</span> <span class='ocrx_word' id='word_1_391' title='bbox 1727 3838 1758 3876; x_wconf 93' lang='lat' dir='ltr'>re</span> <span class='ocrx_word' id='word_1_392' title='bbox 1779 3821 1852 3877; x_wconf 92' lang='lat' dir='ltr'>mihi</span> 
     </span>
     <span class='ocr_line' id='line_1_39' title="bbox 404 3906 1853 3979; baseline -0.001 -16"><span class='ocrx_word' id='word_1_393' title='bbox 404 3909 526 3964; x_wconf 85' lang='lat' dir='ltr'>maximo</span> <span class='ocrx_word' id='word_1_394' title='bbox 540 3910 644 3964; x_wconf 82' lang='lat' dir='ltr'>fructui</span> <span class='ocrx_word' id='word_1_395' title='bbox 657 3911 770 3964; x_wconf 89' lang='lat' dir='ltr'>fuerunt</span> <span class='ocrx_word' id='word_1_396' title='bbox 783 3913 812 3965; x_wconf 91' lang='lat' dir='ltr'>et</span> <span class='ocrx_word' id='word_1_397' title='bbox 825 3910 955 3964; x_wconf 90' lang='lat' dir='ltr'>volumen</span> <span class='ocrx_word' id='word_1_398' title='bbox 967 3909 1087 3979; x_wconf 88' lang='lat' dir='ltr'>primurn</span> <span class='ocrx_word' id='word_1_399' title='bbox 1099 3908 1169 3963; x_wconf 91' lang='lat' dir='ltr'>iuris</span> <span class='ocrx_word' id='word_1_400' title='bbox 1181 3908 1300 3964; x_wconf 84' lang='lat' dir='ltr'>Romani</span> <span class='ocrx_word' id='word_1_401' title='bbox 1316 3908 1459 3974; x_wconf 82' lang='lat' dir='ltr'>historiae,</span> <span class='ocrx_word' id='word_1_402' title='bbox 1478 3907 1553 3976; x_wconf 88' lang='lat' dir='ltr'>qnod</span> <span class='ocrx_word' id='word_1_403' title='bbox 1566 3906 1730 3963; x_wconf 80' lang='lat' dir='ltr'>Conratns</span> <span class='ocrx_word' id='word_1_404' title='bbox 1748 3925 1853 3979; x_wconf 86' lang='lat' dir='ltr'>magna</span> 
     </span>
     <span class='ocr_line' id='line_1_40' title="bbox 405 3993 1853 4066; baseline 0.001 -17"><span class='ocrx_word' id='word_1_405' title='bbox 405 4013 468 4049; x_wconf 91' lang='lat' dir='ltr'>cum</span> <span class='ocrx_word' id='word_1_406' title='bbox 486 3994 639 4066; x_wconf 89' lang='lat' dir='ltr'>diligentia</span> <span class='ocrx_word' id='word_1_407' title='bbox 656 3994 778 4065; x_wconf 90' lang='lat' dir='ltr'>scripsit,</span> <span class='ocrx_word' id='word_1_408' title='bbox 796 3999 827 4051; x_wconf 91' lang='lat' dir='ltr'>et</span> <span class='ocrx_word' id='word_1_409' title='bbox 844 4014 917 4065; x_wconf 89' lang='lat' dir='ltr'>qnae</span> <span class='ocrx_word' id='word_1_410' title='bbox 932 3996 955 4050; x_wconf 95' lang='lat' dir='ltr'>P</span> <span class='ocrx_word' id='word_1_411' title='bbox 961 4000 1076 4052; x_wconf 89' lang='lat' dir='ltr'>atetta</span> <span class='ocrx_word' id='word_1_412' title='bbox 1093 3996 1128 4052; x_wconf 92' lang='lat' dir='ltr'>de</span> <span class='ocrx_word' id='word_1_413' title='bbox 1146 4014 1199 4051; x_wconf 88' lang='lat' dir='ltr'>usu</span> <span class='ocrx_word' id='word_1_414' title='bbox 1216 3994 1353 4050; x_wconf 89' lang='lat' dir='ltr'>Breviarii</span> <span class='ocrx_word' id='word_1_415' title='bbox 1370 4014 1421 4065; x_wconf 92' lang='lat' dir='ltr'>per</span> <span class='ocrx_word' id='word_1_416' title='bbox 1438 3993 1551 4050; x_wconf 90' lang='lat' dir='ltr'>ltaliam</span> <span class='ocrx_word' id='word_1_417' title='bbox 1570 3993 1708 4064; x_wconf 84' lang='lat' dir='ltr'>exposuit.</span> <span class='ocrx_word' id='word_1_418' title='bbox 1738 3994 1853 4051; x_wconf 84' lang='lat' dir='ltr'>Gratias</span> 
     </span>
     <span class='ocr_line' id='line_1_41' title="bbox 406 4079 1852 4152; baseline 0.001 -17"><span class='ocrx_word' id='word_1_419' title='bbox 406 4098 461 4150; x_wconf 89' lang='lat' dir='ltr'>ago</span> <span class='ocrx_word' id='word_1_420' title='bbox 482 4080 549 4135; x_wconf 89' lang='lat' dir='ltr'>viris</span> <span class='ocrx_word' id='word_1_421' title='bbox 569 4080 659 4135; x_wconf 89' lang='lat' dir='ltr'>doctis</span> <span class='ocrx_word' id='word_1_422' title='bbox 678 4081 708 4134; x_wconf 93' lang='lat' dir='ltr'>P.</span> <span class='ocrx_word' id='word_1_423' title='bbox 722 4080 887 4136; x_wconf 83' lang='lat' dir='ltr'>Fournier</span> <span class='ocrx_word' id='word_1_424' title='bbox 905 4081 1170 4152; x_wconf 87' lang='lat' dir='ltr'>Gratianopolitano</span> <span class='ocrx_word' id='word_1_425' title='bbox 1188 4085 1217 4137; x_wconf 92' lang='lat' dir='ltr'>et</span> <span class='ocrx_word' id='word_1_426' title='bbox 1233 4081 1271 4136; x_wconf 96' lang='lat' dir='ltr'>M.</span> <span class='ocrx_word' id='word_1_427' title='bbox 1285 4079 1431 4136; x_wconf 84' lang='lat' dir='ltr'>Conrato</span> <span class='ocrx_word' id='word_1_428' title='bbox 1448 4080 1712 4144; x_wconf 68' lang='lat' dir='ltr'>Amstelodamfflsi,</span> <span class='ocrx_word' id='word_1_429' title='bbox 1735 4099 1852 4150; x_wconf 90' lang='lat' dir='ltr'>quorum</span> 
     </span>
     <span class='ocr_line' id='line_1_42' title="bbox 406 4166 1853 4238; baseline 0.002 -17"><span class='ocrx_word' id='word_1_430' title='bbox 406 4166 453 4222; x_wconf 91' lang='lat' dir='ltr'>hic</span> <span class='ocrx_word' id='word_1_431' title='bbox 465 4166 535 4221; x_wconf 92' lang='lat' dir='ltr'>mihi</span> <span class='ocrx_word' id='word_1_432' title='bbox 548 4167 685 4223; x_wconf 90' lang='lat' dir='ltr'>nonnulla</span> <span class='ocrx_word' id='word_1_433' title='bbox 697 4167 871 4223; x_wconf 88' lang='lat' dir='ltr'>collectanea</span> <span class='ocrx_word' id='word_1_434' title='bbox 883 4166 967 4237; x_wconf 92' lang='lat' dir='ltr'>primi</span> <span class='ocrx_word' id='word_1_435' title='bbox 980 4167 1060 4224; x_wconf 89' lang='lat' dir='ltr'>tituli</span> <span class='ocrx_word' id='word_1_436' title='bbox 1073 4166 1209 4223; x_wconf 71' lang='lat' dir='ltr'>historiae</span> <span class='ocrx_word' id='word_1_437' title='bbox 1221 4185 1296 4235; x_wconf 88' lang='lat' dir='ltr'>suae,</span> <span class='ocrx_word' id='word_1_438' title='bbox 1312 4184 1397 4237; x_wconf 88' lang='lat' dir='ltr'>quam</span> <span class='ocrx_word' id='word_1_439' title='bbox 1408 4184 1494 4237; x_wconf 91' lang='lat' dir='ltr'>supra</span> <span class='ocrx_word' id='word_1_440' title='bbox 1505 4166 1657 4235; x_wconf 86' lang='lat' dir='ltr'>nominavi,</span> <span class='ocrx_word' id='word_1_441' title='bbox 1675 4166 1853 4238; x_wconf 88' lang='lat' dir='ltr'>inspicienda</span> 
     </span>
     <span class='ocr_line' id='line_1_43' title="bbox 409 4253 1852 4325; baseline 0 -16"><span class='ocrx_word' id='word_1_442' title='bbox 409 4254 495 4320; x_wconf 88' lang='lat' dir='ltr'>dedit,</span> <span class='ocrx_word' id='word_1_443' title='bbox 514 4254 563 4311; x_wconf 93' lang='lat' dir='ltr'>ille</span> <span class='ocrx_word' id='word_1_444' title='bbox 581 4273 690 4311; x_wconf 92' lang='lat' dir='ltr'>mecum</span> <span class='ocrx_word' id='word_1_445' title='bbox 709 4254 866 4325; x_wconf 89' lang='lat' dir='ltr'>complures</span> <span class='ocrx_word' id='word_1_446' title='bbox 884 4254 1062 4311; x_wconf 91' lang='lat' dir='ltr'>collectiones</span> <span class='ocrx_word' id='word_1_447' title='bbox 1081 4253 1236 4321; x_wconf 89' lang='lat' dir='ltr'>canonicas,</span> <span class='ocrx_word' id='word_1_448' title='bbox 1256 4273 1326 4324; x_wconf 87' lang='lat' dir='ltr'>quas</span> <span class='ocrx_word' id='word_1_449' title='bbox 1344 4254 1404 4324; x_wconf 92' lang='lat' dir='ltr'>ipse</span> <span class='ocrx_word' id='word_1_450' title='bbox 1422 4255 1613 4324; x_wconf 85' lang='lat' dir='ltr'>perscrutatus</span> <span class='ocrx_word' id='word_1_451' title='bbox 1631 4256 1682 4320; x_wconf 85' lang='lat' dir='ltr'>est,</span> <span class='ocrx_word' id='word_1_452' title='bbox 1701 4254 1852 4310; x_wconf 91' lang='lat' dir='ltr'>communi·</span> 
     </span>
     <span class='ocr_line' id='line_1_44' title="bbox 407 4339 1852 4412; baseline -0.001 -15"><span class='ocrx_word' id='word_1_453' title='bbox 407 4342 492 4397; x_wconf 89' lang='lat' dir='ltr'>cavit.</span> <span class='ocrx_word' id='word_1_454' title='bbox 534 4341 622 4396; x_wconf 88' lang='lat' dir='ltr'>Varia</span> <span class='ocrx_word' id='word_1_455' title='bbox 649 4359 682 4397; x_wconf 88' lang='grc'>11</span> <span class='ocrx_word' id='word_1_456' title='bbox 708 4341 836 4397; x_wconf 89' lang='lat' dir='ltr'>Novellis</span> <span class='ocrx_word' id='word_1_457' title='bbox 862 4341 954 4397; x_wconf 90' lang='lat' dir='ltr'>socius</span> <span class='ocrx_word' id='word_1_458' title='bbox 980 4341 1064 4396; x_wconf 90' lang='lat' dir='ltr'>huius</span> <span class='ocrx_word' id='word_1_459' title='bbox 1091 4341 1184 4412; x_wconf 91' lang='lat' dir='ltr'>operis</span> <span class='ocrx_word' id='word_1_460' title='bbox 1212 4342 1241 4396; x_wconf 90' lang='lat' dir='ltr'>P.</span> <span class='ocrx_word' id='word_1_461' title='bbox 1260 4341 1297 4397; x_wconf 94' lang='lat' dir='ltr'>M.</span> <span class='ocrx_word' id='word_1_462' title='bbox 1315 4342 1431 4411; x_wconf 84' lang='lat' dir='ltr'>Meyer</span> <span class='ocrx_word' id='word_1_463' title='bbox 1456 4339 1614 4396; x_wconf 89' lang='lat' dir='ltr'>liberaliter</span> <span class='ocrx_word' id='word_1_464' title='bbox 1640 4339 1711 4395; x_wconf 85' lang='lat' dir='ltr'>mihi</span> <span class='ocrx_word' id='word_1_465' title='bbox 1737 4340 1852 4397; x_wconf 86' lang='lat' dir='ltr'>obtulit</span> 
     </span>
     <span class='ocr_line' id='line_1_45' title="bbox 406 4425 1852 4498; baseline -0.001 -16"><span class='ocrx_word' id='word_1_466' title='bbox 406 4428 435 4482; x_wconf 82' lang='lat' dir='ltr'>D.</span> <span class='ocrx_word' id='word_1_467' title='bbox 453 4428 581 4483; x_wconf 83' lang='lat' dir='ltr'>Seckel</span> <span class='ocrx_word' id='word_1_468' title='bbox 607 4427 782 4491; x_wconf 88' lang='lat' dir='ltr'>testimonia,</span> <span class='ocrx_word' id='word_1_469' title='bbox 806 4445 878 4496; x_wconf 88' lang='lat' dir='ltr'>quae</span> <span class='ocrx_word' id='word_1_470' title='bbox 903 4445 936 4484; x_wconf 86' lang='lat' dir='ltr'>ex</span> <span class='ocrx_word' id='word_1_471' title='bbox 959 4428 1112 4484; x_wconf 89' lang='lat' dir='ltr'>Benedioto</span> <span class='ocrx_word' id='word_1_472' title='bbox 1136 4427 1236 4484; x_wconf 87' lang='lat' dir='ltr'>Levita</span> <span class='ocrx_word' id='word_1_473' title='bbox 1260 4427 1358 4494; x_wconf 90' lang='lat' dir='ltr'>attuli,</span> <span class='ocrx_word' id='word_1_474' title='bbox 1382 4426 1504 4498; x_wconf 89' lang='lat' dir='ltr'>benigne</span> <span class='ocrx_word' id='word_1_475' title='bbox 1528 4425 1661 4497; x_wconf 86' lang='lat' dir='ltr'>inspexit.</span> <span class='ocrx_word' id='word_1_476' title='bbox 1696 4426 1852 4481; x_wconf 86' lang='lat' dir='ltr'>Plurimum</span> 
     </span>
     <span class='ocr_line' id='line_1_46' title="bbox 407 4512 1852 4584; baseline 0.001 -17"><span class='ocrx_word' id='word_1_477' title='bbox 407 4531 471 4570; x_wconf 89' lang='lat' dir='ltr'>vero</span> <span class='ocrx_word' id='word_1_478' title='bbox 490 4513 577 4569; x_wconf 87' lang='lat' dir='ltr'>debeo</span> <span class='ocrx_word' id='word_1_479' title='bbox 596 4513 751 4570; x_wconf 88' lang='lat' dir='ltr'>clarissimo</span> <span class='ocrx_word' id='word_1_480' title='bbox 764 4514 952 4569; x_wconf 71' lang='lat' dir='ltr'>&#39;theodosiani</span> <span class='ocrx_word' id='word_1_481' title='bbox 970 4514 1079 4583; x_wconf 91' lang='lat' dir='ltr'>editori,</span> <span class='ocrx_word' id='word_1_482' title='bbox 1098 4514 1147 4583; x_wconf 88' lang='lat' dir='ltr'>qui</span> <span class='ocrx_word' id='word_1_483' title='bbox 1165 4532 1209 4570; x_wconf 93' lang='lat' dir='ltr'>me</span> <span class='ocrx_word' id='word_1_484' title='bbox 1227 4514 1343 4569; x_wconf 90' lang='lat' dir='ltr'>consilio</span> <span class='ocrx_word' id='word_1_485' title='bbox 1361 4516 1446 4583; x_wconf 90' lang='lat' dir='ltr'>atque</span> <span class='ocrx_word' id='word_1_486' title='bbox 1464 4512 1570 4584; x_wconf 87' lang='lat' dir='ltr'>peritia</span> <span class='ocrx_word' id='word_1_487' title='bbox 1587 4530 1638 4569; x_wconf 86' lang='lat' dir='ltr'>sua</span> <span class='ocrx_word' id='word_1_488' title='bbox 1655 4512 1852 4569; x_wconf 86' lang='lat' dir='ltr'>liberalissime</span> 
     </span>
     <span class='ocr_line' id='line_1_47' title="bbox 406 4599 1852 4671; baseline 0 -15"><span class='ocrx_word' id='word_1_489' title='bbox 406 4600 526 4666; x_wconf 88' lang='lat' dir='ltr'>adiuvit,</span> <span class='ocrx_word' id='word_1_490' title='bbox 545 4617 628 4670; x_wconf 91' lang='lat' dir='ltr'>quem</span> <span class='ocrx_word' id='word_1_491' title='bbox 646 4602 733 4669; x_wconf 91' lang='lat' dir='ltr'>brevi,</span> <span class='ocrx_word' id='word_1_492' title='bbox 752 4606 905 4670; x_wconf 88' lang='lat' dir='ltr'>antequam</span> <span class='ocrx_word' id='word_1_493' title='bbox 922 4602 970 4657; x_wconf 90' lang='lat' dir='ltr'>hic</span> <span class='ocrx_word' id='word_1_494' title='bbox 988 4601 1060 4657; x_wconf 92' lang='lat' dir='ltr'>liber</span> <span class='ocrx_word' id='word_1_495' title='bbox 1075 4601 1208 4671; x_wconf 86' lang='lat' dir='ltr'>prodiret,</span> <span class='ocrx_word' id='word_1_496' title='bbox 1226 4599 1359 4656; x_wconf 88' lang='lat' dir='ltr'>Kalendis</span> <span class='ocrx_word' id='word_1_497' title='bbox 1371 4600 1577 4657; x_wconf 86' lang='lat' dir='ltr'>Novembribus</span> <span class='ocrx_word' id='word_1_498' title='bbox 1594 4599 1745 4655; x_wconf 87' lang='lat' dir='ltr'>immatura</span> <span class='ocrx_word' id='word_1_499' title='bbox 1761 4601 1852 4656; x_wconf 86' lang='lat' dir='ltr'>morte</span> 
     </span>
     <span class='ocr_line' id='line_1_48' title="bbox 407 4687 974 4758; baseline 0.002 -17"><span class='ocrx_word' id='word_1_500' title='bbox 407 4692 533 4758; x_wconf 90' lang='lat' dir='ltr'>ereptum</span> <span class='ocrx_word' id='word_1_501' title='bbox 552 4704 611 4743; x_wconf 89' lang='lat' dir='ltr'>esse</span> <span class='ocrx_word' id='word_1_502' title='bbox 629 4705 723 4742; x_wconf 91' lang='lat' dir='ltr'>omnes</span> <span class='ocrx_word' id='word_1_503' title='bbox 741 4687 823 4743; x_wconf 88' lang='lat' dir='ltr'>valde</span> <span class='ocrx_word' id='word_1_504' title='bbox 842 4687 974 4742; x_wconf 87' lang='lat' dir='ltr'>dolemus.</span> 
     </span>
    </p>
   </div>
   <div class='ocr_carea' id='block_1_3' title="bbox 495 4787 1307 4860">
    <p class='ocr_par' dir='ltr' id='par_1_9' title="bbox 495 4787 1307 4860">
     <span class='ocr_line' id='line_1_49' title="bbox 495 4787 1307 4860; baseline -0.004 -16"><span class='ocrx_word' id='word_1_505' title='bbox 495 4790 604 4845; x_wconf 89' lang='lat' dir='ltr'>Dabam</span> <span class='ocrx_word' id='word_1_506' title='bbox 623 4789 780 4859; x_wconf 89' lang='lat' dir='ltr'>Oeniponte</span> <span class='ocrx_word' id='word_1_507' title='bbox 799 4789 891 4860; x_wconf 90' lang='lat' dir='ltr'>pridie</span> <span class='ocrx_word' id='word_1_508' title='bbox 911 4790 975 4843; x_wconf 92' lang='lat' dir='ltr'>ldus</span> <span class='ocrx_word' id='word_1_509' title='bbox 993 4789 1159 4846; x_wconf 86' lang='lat' dir='ltr'>Decembres</span> <span class='ocrx_word' id='word_1_510' title='bbox 1177 4787 1307 4843; x_wconf 83' lang='lat' dir='ltr'>MCMlll.</span> 
     </span>
    </p>
   </div>
   <div class='ocr_carea' id='block_1_4' title="bbox 521 4979 1735 5069">
    <p class='ocr_par' dir='ltr' id='par_1_10' title="bbox 521 4979 1735 5069">
     <span class='ocr_line' id='line_1_50' title="bbox 521 4979 1735 5069; baseline 0.003 -27"><span class='ocrx_word' id='word_1_511' title='bbox 521 4980 547 5043; x_wconf 93' lang='lat' dir='ltr'>I.</span> <span class='ocrx_word' id='word_1_512' title='bbox 581 4979 739 5044; x_wconf 89' lang='lat' dir='ltr'>Breviarii</span> <span class='ocrx_word' id='word_1_513' title='bbox 761 5003 838 5046; x_wconf 92' lang='lat' dir='ltr'>usus</span> <span class='ocrx_word' id='word_1_514' title='bbox 860 4984 893 5047; x_wconf 92' lang='lat' dir='ltr'>in</span> <span class='ocrx_word' id='word_1_515' title='bbox 915 5002 1014 5067; x_wconf 85' lang='lat' dir='ltr'>regno</span> <span class='ocrx_word' id='word_1_516' title='bbox 1031 4981 1276 5069; x_wconf 73' lang='lat' dir='ltr'>visigothorum</span> <span class='ocrx_word' id='word_1_517' title='bbox 1298 4983 1490 5067; x_wconf 90' lang='lat' dir='ltr'>praesertim</span> <span class='ocrx_word' id='word_1_518' title='bbox 1512 4982 1545 5046; x_wconf 93' lang='lat' dir='ltr'>in</span> <span class='ocrx_word' id='word_1_519' title='bbox 1567 4981 1735 5068; x_wconf 86' lang='lat' dir='ltr'>Hispania.</span> 
     </span>
    </p>
   </div>
   <div class='ocr_carea' id='block_1_5' title="bbox 406 5116 1852 5451">
    <p class='ocr_par' dir='ltr' id='par_1_11' title="bbox 406 5116 1852 5451">
     <span class='ocr_line' id='line_1_51' title="bbox 492 5116 1852 5191; baseline 0.002 -19"><span class='ocrx_word' id='word_1_520' title='bbox 492 5117 583 5172; x_wconf 85' lang='lat' dir='ltr'>Codex</span> <span class='ocrx_word' id='word_1_521' title='bbox 602 5116 709 5171; x_wconf 83' lang='lat' dir='ltr'>Alarici</span> <span class='ocrx_word' id='word_1_522' title='bbox 727 5117 787 5174; x_wconf 89' lang='lat' dir='ltr'>sive</span> <span class='ocrx_word' id='word_1_523' title='bbox 811 5123 843 5173; x_wconf 91' lang='lat' dir='ltr'>ut</span> <span class='ocrx_word' id='word_1_524' title='bbox 867 5120 1030 5189; x_wconf 87' lang='lat' dir='ltr'>plerumque</span> <span class='ocrx_word' id='word_1_525' title='bbox 1049 5119 1211 5189; x_wconf 87' lang='lat' dir='ltr'>appellatur</span> <span class='ocrx_word' id='word_1_526' title='bbox 1229 5120 1285 5175; x_wconf 84' lang='lat' dir='ltr'>Lex</span> <span class='ocrx_word' id='word_1_527' title='bbox 1303 5120 1430 5175; x_wconf 84' lang='lat' dir='ltr'>Romana</span> <span class='ocrx_word' id='word_1_528' title='bbox 1442 5118 1655 5191; x_wconf 84' lang='lat' dir='ltr'>Visigothorum</span> <span class='ocrx_word' id='word_1_529' title='bbox 1673 5137 1745 5175; x_wconf 90' lang='lat' dir='ltr'>anno</span> <span class='ocrx_word' id='word_1_530' title='bbox 1763 5120 1815 5174; x_wconf 71' lang='lat' dir='ltr'>ure</span> <span class='ocrx_word' id='word_1_531' title='bbox 1833 5138 1852 5175; x_wconf 89' lang='lat' dir='ltr'>a</span> 
     </span>
     <span class='ocr_line' id='line_1_52' title="bbox 406 5202 1852 5277; baseline 0.004 -20"><span class='ocrx_word' id='word_1_532' title='bbox 406 5220 472 5272; x_wconf 90' lang='lat' dir='ltr'>rege</span> <span class='ocrx_word' id='word_1_533' title='bbox 496 5202 607 5257; x_wconf 83' lang='lat' dir='ltr'>Alarico</span> <span class='ocrx_word' id='word_1_534' title='bbox 635 5221 697 5257; x_wconf 91' lang='lat' dir='ltr'>cum</span> <span class='ocrx_word' id='word_1_535' title='bbox 722 5205 933 5262; x_wconf 88' lang='lat' dir='ltr'>commonitorio</span> <span class='ocrx_word' id='word_1_536' title='bbox 958 5206 1025 5260; x_wconf 89' lang='lat' dir='ltr'>dato</span> <span class='ocrx_word' id='word_1_537' title='bbox 1048 5208 1142 5261; x_wconf 79' lang='grc'><strong>11506</strong></span> <span class='ocrx_word' id='word_1_538' title='bbox 1165 5207 1278 5262; x_wconf 67' lang='lat' dir='ltr'>Dabat</span> <span class='ocrx_word' id='word_1_539' title='bbox 1303 5207 1402 5275; x_wconf 78' lang='grc'><strong>(1113)</strong></span> <span class='ocrx_word' id='word_1_540' title='bbox 1427 5207 1608 5276; x_wconf 89' lang='lat' dir='ltr'>promulgata</span> <span class='ocrx_word' id='word_1_541' title='bbox 1635 5223 1685 5276; x_wconf 87' lang='lat' dir='ltr'>pro</span> <span class='ocrx_word' id='word_1_542' title='bbox 1709 5206 1773 5277; x_wconf 88' lang='lat' dir='ltr'>lege</span> <span class='ocrx_word' id='word_1_543' title='bbox 1795 5205 1852 5263; x_wconf 84' lang='lat' dir='ltr'>fuit</span> 
     </span>
     <span class='ocr_line' id='line_1_53' title="bbox 407 5289 1851 5364; baseline 0.002 -20"><span class='ocrx_word' id='word_1_544' title='bbox 407 5289 516 5345; x_wconf 88' lang='lat' dir='ltr'>civibus</span> <span class='ocrx_word' id='word_1_545' title='bbox 533 5289 677 5356; x_wconf 86' lang='lat' dir='ltr'>Romanis,</span> <span class='ocrx_word' id='word_1_546' title='bbox 701 5291 749 5360; x_wconf 90' lang='lat' dir='ltr'>qui</span> <span class='ocrx_word' id='word_1_547' title='bbox 772 5292 824 5348; x_wconf 92' lang='lat' dir='ltr'>sub</span> <span class='ocrx_word' id='word_1_548' title='bbox 842 5292 956 5364; x_wconf 86' lang='lat' dir='ltr'>regibus</span> <span class='ocrx_word' id='word_1_549' title='bbox 968 5291 1181 5364; x_wconf 74' lang='lat' dir='ltr'>visigothorum</span> <span class='ocrx_word' id='word_1_550' title='bbox 1203 5295 1329 5359; x_wconf 82' lang='lat' dir='ltr'>fuerunt,</span> <span class='ocrx_word' id='word_1_551' title='bbox 1354 5296 1414 5349; x_wconf 89' lang='lat' dir='ltr'>tam</span> <span class='ocrx_word' id='word_1_552' title='bbox 1435 5292 1465 5347; x_wconf 91' lang='lat' dir='ltr'>in</span> <span class='ocrx_word' id='word_1_553' title='bbox 1483 5291 1621 5363; x_wconf 86' lang='lat' dir='ltr'>Hispania</span> <span class='ocrx_word' id='word_1_554' title='bbox 1638 5310 1723 5361; x_wconf 87' lang='lat' dir='ltr'>qnam</span> <span class='ocrx_word' id='word_1_555' title='bbox 1745 5292 1774 5346; x_wconf 90' lang='lat' dir='ltr'>in</span> <span class='ocrx_word' id='word_1_556' title='bbox 1793 5291 1851 5347; x_wconf 87' lang='lat' dir='ltr'>illis</span> 
     </span>
     <span class='ocr_line' id='line_1_54' title="bbox 406 5374 1850 5451; baseline 0.001 -19"><span class='ocrx_word' id='word_1_557' title='bbox 406 5375 517 5432; x_wconf 85' lang='lat' dir='ltr'>Galliae</span> <span class='ocrx_word' id='word_1_558' title='bbox 535 5374 677 5446; x_wconf 87' lang='lat' dir='ltr'>partibus,</span> <span class='ocrx_word' id='word_1_559' title='bbox 700 5395 772 5446; x_wconf 83' lang='lat' dir='ltr'>quae</span> <span class='ocrx_word' id='word_1_560' title='bbox 798 5382 865 5434; x_wconf 90' lang='lat' dir='ltr'>tnnc</span> <span class='ocrx_word' id='word_1_561' title='bbox 890 5378 973 5433; x_wconf 89' lang='lat' dir='ltr'>huius</span> <span class='ocrx_word' id='word_1_562' title='bbox 990 5378 1069 5450; x_wconf 90' lang='lat' dir='ltr'>regni</span> <span class='ocrx_word' id='word_1_563' title='bbox 1091 5383 1181 5436; x_wconf 86' lang='lat' dir='ltr'>crant.</span> <span class='ocrx_word' id='word_1_564' title='bbox 1220 5382 1341 5438; x_wconf 81' lang='lat' dir='ltr'>Attinas</span> <span class='ocrx_word' id='word_1_565' title='bbox 1363 5380 1421 5436; x_wconf 90' lang='lat' dir='ltr'>iam</span> <span class='ocrx_word' id='word_1_566' title='bbox 1439 5379 1535 5451; x_wconf 87' lang='lat' dir='ltr'>paullo</span> <span class='ocrx_word' id='word_1_567' title='bbox 1554 5382 1618 5450; x_wconf 86' lang='lat' dir='ltr'>post</span> <span class='ocrx_word' id='word_1_568' title='bbox 1636 5379 1725 5435; x_wconf 73' lang='grc'><strong>1506</strong></span> <span class='ocrx_word' id='word_1_569' title='bbox 1743 5377 1850 5434; x_wconf 89' lang='lat' dir='ltr'>mutati</span> 
     </span>
    </p>
   </div>
   <div class='ocr_carea' id='block_1_6' title="bbox 0 0 2264 6118">
    <p class='ocr_par' dir='ltr' id='par_1_12' title="bbox 0 0 2264 6118">
     <span class='ocr_line' id='line_1_55' title="bbox 0 0 2264 6118; baseline 0 0"><span class='ocrx_word' id='word_1_570' title='bbox 0 0 2264 6118; x_wconf 95' lang='lat' dir='ltr'> </span> 
     </span>
    </p>
   </div>
  </div>
 </body>
</html>
