4517 6125
1011 578 1044 589 -
1080 545 1164 602 CLXI
1201 578 1233 589 -

507 722 597 762 errore
610 707 679 774 puto
696 703 805 759 librarii
822 704 942 759 relatam
959 703 996 758 ad
1008 702 1224 771 Constantium),
1244 702 1313 758 item
1330 720 1424 758 omnes
1442 701 1539 768 6363,
1557 703 1643 759 etiam
1655 702 1728 757 diem
1742 701 1846 757 haben·

507 794 550 848 tas
567 790 627 847 eius
643 789 727 846 morti
745 789 934 861 posteriorem.
969 788 1023 844 Hic
1041 807 1151 859 quoque
1173 789 1203 844 61
1221 790 1305 845 fallor
1322 789 1520 860 compilatores
1537 807 1571 845 ex
1589 787 1840 860 subscriptionibus

507 878 702 950 inscriptiones
720 880 933 948 composuerunt
950 895 1005 932 nou
1022 876 1202 933 attendentes
1219 877 1256 932 66
1273 894 1364 932 rerum
1385 875 1542 933 veritatem.

401 983 537 1023 1666666
554 966 615 1033 (363
634 967 692 1021 166.
704 965 736 1020 21
747 963 842 1019 -364
860 964 940 1019 Febr.
955 965 1007 1032 16).

475 1051 583 1108 1661661
601 1069 700 1109 66666
718 1070 786 1122 prae
805 1069 834 1107 se
851 1053 945 1107 ferunt
962 1051 1033 1106 duae
1051 1051 1126 1105 solae
1146 1049 1358 1105 constitutiones
1377 1049 1436 1105 dies
1453 1051 1589 1106 habentes
1612 1050 1702 1106 6364
1720 1049 1799 1105 Febr.
1814 1049 1845 1104 19

509 1143 538 1194 61
555 1157 581 1194 6.
592 1139 644 1194 364
662 1137 739 1209 Sept.
752 1138 794 1192 27.
826 1138 857 1191 16
875 1155 948 1192 6666
967 1155 999 1193 66
1017 1137 1090 1193 inter
1108 1135 1254 1192 Iovianum
1273 1139 1302 1192 et
1315 1135 1545 1192 Valentinianum
1563 1135 1756 1194 distribuendo
1775 1153 1845 1191 com·

508 1223 644 1294 pilatores
661 1241 750 1294 neque
769 1240 848 1279 veros
866 1222 926 1279 dies
943 1223 1034 1280 secuti
1052 1227 1117 1279 sunt
1135 1239 1224 1292 neque
1243 1241 1327 1279 unum
1345 1228 1514 1280 constanter.

402 1327 626 1366 6666666666
643 1327 653 1364 1
672 1311 734 1376 (364
752 1310 832 1366 Febr.
844 1310 982 1365 26-375
1000 1310 1139 1379 116617).

474 1395 689 1453 Valentinianus
707 1396 736 1451 in
754 1395 935 1466 praescriptis
957 1395 1116 1451 nominatur
1140 1396 1204 1452 inde
1226 1414 1244 1451 a
1262 1395 1307 1450 die
1325 1396 1377 1449 364
1397 1395 1499 1451 16611
1518 1397 1554 1451 ad
1572 1415 1597 1451 a.
1609 1395 1661 1450 375
1684 1399 1845 1452 extremum.

402 1500 510 1539 616666
527 1483 589 1551 (364
605 1483 688 1539 Mart.
702 1483 736 1537 28
746 1515 779 1523 -
789 1482 839 1536 378
858 1483 928 1552 Aug.
942 1484 975 1545 9).

474 1570 603 1626 Valentis
620 1587 720 1625 nomen
738 1569 952 1625 constitutiones
974 1586 1041 1640 prae
1060 1587 1088 1625 se
1107 1570 1200 1625 serunt
1222 1568 1285 1625 inde
1308 1587 1326 1624 a
1344 1568 1389 1627 616
1408 1569 1579 1625 36416611
1598 1569 1634 1624 ad
1653 1570 1741 1625 6378
1759 1573 1846 1626 extre-

507 1654 695 1725 666,61166
714 1655 831 1712 emissae
849 1659 914 1725 post
932 1654 1008 1710 diem
1025 1655 1131 1711 mortis.

402 1761 560 1800 earnem
577 1744 640 1812 (367
658 1744 729 1813 Aug.
742 1743 775 1796 25
788 1773 817 1782 -
828 1742 879 1797 383
898 1742 969 1812 Aug.
981 1743 1035 1811 25).

474 1830 640 1886 Gratianum
658 1829 795 1898 quomodo
820 1828 995 1900 praescripta
1013 1828 1169 1886 admittant
1187 1830 1231 1884 661
1255 1829 1402 1894 66111661,
1428 1830 1464 1885 66
1487 1828 1612 1900 singulas
1633 1829 1846 1885 constitutiones

508 1917 634 1972 declarat
651 1916 804 1971 laterculus
823 1915 931 1972 tertius.
967 1915 1186 1971 Constitutiones
1208 1915 1298 1972 6366
1321 1934 1376 1971 666
1399 1933 1505 1986 paucae
1527 1913 1557 1969 iu
1580 1915 1761 1986 praescriptis
1783 1933 1844 1971 eum

508 2003 665 2074 adiungunt
682 2001 817 2073 Augustis
835 2000 956 2065 duobus,
974 2018 1143 2070 quamquam
1162 2018 1194 2057 66
1213 2018 1284 2056 anno
1303 2000 1363 2072 ipse
1381 2001 1524 2071 Augustus
1546 2017 1601 2055 nen
1622 2000 1690 2066 fuit,
1713 1999 1845 2070 quoniam

512 2089 541 2144 in
559 2088 811 2159 subscriptionibus
829 2087 989 2143 nominatur
1006 2090 1106 2159 utpote
1125 2088 1222 2143 consul
1240 2086 1300 2143 eius
1317 2088 1391 2143 anui.
1422 2087 1466 2141 Ab
1483 2104 1555 2142 6666
1573 2106 1614 2154 66,
1632 2105 1687 2157 666
1704 2087 1847 2158 Angustus

508 2178 599 2233 166166
616 2181 671 2240 661,
695 2174 844 2230 Gratianus
868 2174 895 2228 in
918 2174 1098 2245 praescriptis
1122 2173 1260 2230 nominari
1282 2175 1354 2230 solet
1376 2192 1430 2229 666
1452 2174 1540 2229 66166
1564 2175 1630 2230 666
1651 2172 1773 2238 advixit,
1797 2173 1846 2228 sed

508 2260 594 2318 etiam
612 2262 677 2331 post
694 2262 810 2316 mortem
829 2277 879 2330 per
896 2276 922 2315 a.
934 2259 986 2314 384
1003 2258 1130 2330 exceptis
1149 2259 1342 2314 tantummodo
1361 2259 1608 2316 constitutionibus
1625 2260 1715 2316 tribus
1731 2260 1783 2328 (15,
1794 2261 1843 2323 9,1

508 2350 538 2404 61
555 2349 623 2403 lust.
637 2348 734 2412 1,16,1
754 2350 784 2403 61
796 2347 863 2402 lust.
876 2347 898 2412 1,
907 2348 949 2411 48,
960 2347 997 2412 2),
1015 2347 1092 2410 1166,
1111 2362 1280 2415 66666666
1298 2363 1351 2401 666
1371 2346 1413 2402 116
1431 2351 1596 2413 constanter,
1615 2365 1665 2418 per
1677 2365 1702 2402 6.
1714 2347 1773 2401 385.
1786 2346 1845 2402 386.

508 2434 551 2488 Ab
574 2451 599 2488 a
618 2432 751 2488 1666387
770 2432 881 2488 tollitur
900 2432 1028 2489 Gratiani
1051 2450 1164 2497 uomen;
1189 2435 1263 2488 certe
1287 2432 1329 2488 ita
1352 2432 1503 2503 dispositus
1528 2438 1570 2490 est
1593 2433 1694 2490 titulus
1717 2433 1784 2497 12,1
1809 2432 1846 2487 66

509 2518 718 2589 compositionis
730 2519 806 2590 leges
819 2516 1023 2590 intellegendas
1036 2518 1157 2575 omnium
1175 2516 1295 2574 maxime
1313 2520 1406 2589 aptus,
1424 2537 1474 2575 nec
1486 2519 1625 2590 reperitur
1636 2522 1734 2590 postea
1746 2537 1846 2574 66666

508 2606 610 2663 diserte
628 2604 814 2670 enuntiatum,
833 2623 1003 2675 quamquam
1022 2622 1072 2676 per
1088 2604 1236 2661 formulam
1253 2604 1322 2659 idem
1333 2607 1423 2658 AAA.
1437 2604 1574 2661 incuriose
1593 2605 1742 2662 admissam
1760 2604 1846 2661 etiam

508 2698 606 2764 postea
629 2693 709 2748 adest
733 2692 829 2760 (3.1,6
853 2723 885 2732 -
909 2693 1011 2758 7,1,13
1035 2723 1066 2733 -
1088 2695 1147 2758 9,1,
1160 2693 1191 2747 17
1216 2722 1248 2731 -
1275 2693 1316 2755 12,
1329 2692 1395 2757 leo
1416 2721 1449 2731 -
1473 2693 1547 2758 16,5,
1559 2693 1590 2746 14
1613 2723 1647 2732 -
1670 2693 1745 2759 16,5,
1757 2693 1789 2747 15
1812 2722 1845 2731 -

509 2781 583 2846 16,5,
596 2780 628 2834 16
644 2810 675 2818 -
689 2779 841 2847 16,10,10).
860 2809 893 2817 -
914 2778 968 2834 Ubi
986 2779 1028 2835 its
1047 2797 1096 2849 per
1114 2778 1211 2834 6384.
1230 2777 1288 2833 385.
1305 2778 1358 2835 386
1377 2777 1527 2834 Gratianus
1545 2778 1646 2844 deficit,
1665 2776 1846 2836 substituitur

508 2865 535 2922 ei
552 2864 695 2921 Arcadius.

405 2970 630 3010 vanssrrnmrrrs
648 2970 669 3008 11
688 2952 749 3020 (375
766 2952 838 3008 Nor.
850 2952 926 3005 22-
937 2952 987 3006 392
1005 2951 1137 3016 116115).

474 3039 688 3098 Valentinianus
709 3040 736 3094 Il
763 3039 791 3095 16
814 3038 996 3111 praescriptis
1016 3038 1178 3095 nominatur
1199 3039 1235 3094 ab
1259 3037 1343 3094 initio
1366 3040 1459 3095 6376
1481 3056 1536 3096 666
1558 3039 1647 3095 66166
1670 3039 1707 3094 66
1728 3041 1844 3094 mortem

507 3144 605 3196 usque,
628 3126 677 3182 sed
695 3125 781 3182 etiam
800 3130 1000 3196 postmortem
1023 3144 1073 3196 per
1090 3142 1115 3180 6.
1127 3125 1180 3180 392
1198 3126 1351 3180 extremum
1369 3130 1398 3181 ct
1416 3143 1440 3180 6
1455 3125 1506 3181 393
1524 3144 1624 3182 66666
1642 3126 1744 3181 diserte
1763 3143 1845 3180 enun-

507 3211 1043 3277 116161,12,4-2,1,7-3,15,1
1065 3240 1095 3250 -
1115 3211 1173 3275 7,4,
1186 3210 1218 3265 18
1236 3240 1269 3249 -
1288 3210 1372 3279 7,8,4
1392 3241 1423 3249 -
1444 3213 1528 3277 7,9,3
1549 3242 1579 3252 -
1600 3214 1666 3268 1661.
1677 3213 1701 3276 2,
1713 3213 1803 3277 1325.

407 3317 572 3355 6666666666
589 3317 600 3353 1
618 3300 678 3367 (379
698 3299 755 3354 Ian.
770 3299 845 3352 19-
857 3297 908 3352 395
926 3299 983 3352 Ian.
998 3298 1048 3364 17).

475 3386 646 3442 Theodosius
664 3386 745 3441 adest
763 3384 792 3439 iu
811 3384 992 3456 praescriptis
1011 3385 1047 3440 ab
1067 3402 1091 3439 a.
1104 3384 1156 3439 379
1175 3384 1211 3438 66
1229 3402 1254 3439 6.
1267 3385 1318 3439 394
1336 3389 1497 3441 extremum.
1532 3386 1634 3441 Postea
1653 3402 1741 3455 neque
1761 3384 1846 3438 6661-

511 3477 596 3529 natur
608 3472 637 3527 in
650 3471 748 3543 paucis
761 3471 1008 3527 constitutionibus
1025 3470 1132 3527 emissis
1150 3472 1235 3526 6395
1254 3489 1286 3527 66
1300 3470 1447 3527 etiamtum
1461 3471 1626 3541 616666666
1639 3475 1703 3541 post
1715 3476 1844 3534 mortem;

508 3578 573 3615 nam
590 3558 737 3629 inscriptio
751 3559 851 3623 1,14,2
870 3560 932 3612 1616
950 3561 1082 3627 corrupta
1100 3561 1151 3613 est.
1182 3558 1312 3612 Formula
1326 3575 1436 3626 quoque
1454 3557 1523 3611 idem
1535 3559 1598 3611 ΑΔ.
1610 3574 1672 3612 raro
1685 3559 1755 3624 (1,2,
1768 3557 1801 3612 16
1813 3587 1845 3595 -

506 3647 531 3712 3,
543 3646 565 3712 1,
576 3647 603 3715 7)
622 3645 664 3701 116
682 3645 776 3716 posita
794 3649 844 3709 est,
863 3649 895 3699 ut
913 3644 950 3699 66
962 3642 1148 3700 Theodosium
1162 3645 1174 3698 1
1188 3642 1334 3714 perveniat
1352 3661 1450 3709 errore,
1469 3642 1557 3700 stibi
1575 3644 1776 3708 tantummodo,
1796 3642 1846 3698 ubi

509 3750 583 3788 error
600 3732 674 3787 redit
691 3732 727 3787 ad
746 3730 878 3787 breviarii
896 3730 1077 3787 ordinatores.

406 3821 542 3890 [ramus
559 3818 728 3887 (384-388)
747 3837 802 3873 666
821 3819 983 3889 comparet]

404 3921 542 3963 sassures
559 3906 621 3975 (383
639 3906 697 3960 Ian.
712 3906 744 3960 16
754 3936 786 3944 -
796 3905 848 3959 408
865 3905 932 3960 Mai.
946 3907 978 3974 1).

472 3994 525 4049 Per
542 4011 567 4048 a
578 3993 637 4047 384.
655 3991 715 4046 385.
733 3992 785 4046 386
802 3992 839 4046 ad
850 3991 992 4062 Augustos
1004 3991 1235 4048 Valentinianum
1249 3993 1274 4046 lI
1293 3996 1322 4048 et
1335 3990 1521 4047 Theodosium
1540 3990 1589 4045 ubi
1607 4007 1662 4044 666
1681 3988 1847 4059 adiungitur

507 4078 657 4135 Gratianus
676 4097 700 4133 a.
714 4079 765 4134 383
783 4078 942 4143 defunctus,
967 4077 1007 4135 ibi
1032 4078 1058 4134 ei
1077 4078 1270 4143 substituitur,
1293 4083 1325 4134 ut
1347 4076 1582 4149 supradiximus,
1606 4076 1750 4131 Arcadius.
1789 4073 1846 4128 eli-

508 4164 617 4235 quotiee
635 4164 754 4232 (66111661
772 4166 796 4228 6,
806 4165 874 4229 27,5
893 4196 926 4205 -
944 4166 969 4230 6,
979 4165 1046 4230 283
1066 4196 1098 4205 -
1115 4165 1139 4229 8,
1151 4166 1174 4229 7,
1186 4166 1217 4219 16
1233 4196 1260 4205 -
1275 4166 1300 4230 8,
1312 4167 1335 4230 7,
1347 4166 1380 4220 18
1394 4196 1425 4204 -
1438 4166 1462 4229 9,
1474 4164 1543 4225 27,6
1560 4165 1604 4231 (61.
1618 4164 1684 4218 1661.
1697 4165 1722 4225 9,
1732 4161 1799 4227 27,3
1813 4191 1846 4200 -

507 4254 574 4308 lust
594 4253 634 4317 11,
644 4254 685 4317 62,
695 4253 721 4320 7)
746 4270 794 4321 per
816 4252 926 4307 eosdem
948 4269 1034 4307 annos
1055 4251 1115 4306 384.
1133 4252 1192 4306 385.
1210 4252 1274 4316 386,
1303 4250 1352 4306 ubi
1377 4250 1548 4322 praecedunt
1570 4250 1668 4317 imppp.
1685 4249 1846 4315 Gratianus,

513 4338 724 4395 Valentinianus
741 4345 766 4393 et
781 4338 951 4406 Theodosius)
965 4339 1055 4391 Aee.
1069 4338 1124 4405 (661
1139 4338 1214 4406 ΔΛ.)
1233 4336 1347 4392 additur
1364 4343 1387 4391 st
1405 4335 1607 4401 6666616661.)
1624 4336 1671 4391 sed
1690 4334 1766 4389 nullo
1784 4334 1846 4388 loco

510 4426 607 4481 horum
626 4428 759 4494 quattuor
778 4425 966 4495 Augustorum
984 4421 1096 4478 nomina
1119 4422 1221 4478 diserte
1244 4422 1426 4478 enuntiantur
1444 4421 1601 4478 coniuncta
1638 4422 1680 4475 eb
1702 4421 1790 4474 6387
1808 4420 1845 4474 66

511 4527 536 4564 6.
549 4511 600 4565 407
624 4511 704 4565 66661
721 4510 868 4573 Arcadium
887 4510 915 4563 in
938 4527 1010 4564 anno
1029 4510 1220 4566 6616666408
1241 4509 1323 4564 6666
1341 4510 1433 4574 adest,
1456 4509 1537 4564 modo
1560 4508 1652 4570 abest3
1675 4507 1755 4562 adest
1778 4505 1844 4562 item

511 4597 539 4651 iu
558 4597 665 4652 duabus
684 4595 930 4652 constitutionibus
949 4597 1038 4651 6409
1057 4596 1101 4650 661
1119 4613 1145 4651 a.
1157 4596 1208 4651 412
1226 4597 1261 4664 (9,
1271 4594 1339 4661 37,4
1360 4627 1390 4637 -
1412 4597 1452 4661 11,
1464 4596 1504 4660 10,
1513 4596 1565 4663 23).

406 4685 551 4755 [aramve
571 4684 736 4753 (392-394)
755 4701 809 4738 666
828 4683 989 4753 comparet]

404 4788 543 4825 66666166
563 4770 625 4837 (393
643 4770 714 4825 1166.
726 4770 864 4825 20-423
882 4770 953 4841 Aug.
967 4771 1018 4840 15).

473 4855 610 4912 Honorius
621 4874 790 4925 66666666
804 4857 945 4927 Augustus
963 4857 1054 4913 sactus
1073 4860 1116 4913 est
1133 4874 1159 4912 6
1172 4857 1282 4912 66666
1293 4856 1344 4911 393
1363 4855 1433 4911 Nos.
1446 4855 1488 4919 20,
1507 4853 1536 4908 16
1555 4851 1736 4924 praescriptis
1754 4868 1779 4905 6.
1793 4851 1842 4912 391

508 4942 891 5005 6139266666661666161,
910 4947 941 4996 ut
954 4960 1039 5011 supra
1053 4940 1158 4996 dictum
1176 4947 1225 5006 est,
1239 4939 1454 4996 Valentinianus
1466 4940 1492 4993 Il
1512 4937 1684 4994 Theodosius
1701 4937 1845 5001 Arcadius,

508 5028 589 5082 modo
612 5027 785 5083 Theodosius
807 5025 944 5083 Arcadius
966 5026 1112 5083 Honorius.
1151 5027 1195 5082 Ab
1219 5028 1308 5083 6394
1331 5027 1369 5081 66
1391 5045 1416 5082 a.
1430 5026 1482 5081 423
1508 5029 1661 5079 extremum
1685 5027 1846 5080 constanter

509 5114 675 5170 nominatur.

404 5219 572 5257 rasonosrvs
589 5220 610 5256 11
629 5201 691 5268 (408
709 5200 775 5257 Mai.
791 5204 804 5257 1
825 5201 861 5256 ad
880 5200 979 5268 finem).

474 5288 571 5343 Errore
582 5286 755 5343 Theodosius
768 5288 794 5341 ll
806 5287 965 5344 nominatur
977 5306 1039 5344 cum
1050 5285 1170 5342 Arcadio
1182 5290 1212 5342 et
1221 5286 1342 5341 Honorio
1355 5287 1384 5341 in
1397 5285 1596 5343 constitutione
1608 5288 1692 5342 6405
1703 5288 1738 5353 (9,
1745 5287 1787 5350 38,
1794 5285 1845 5354 10).

509 5376 539 5430 16
558 5374 805 5432 constitutionibus
824 5375 913 5430 6408
930 5374 1011 5431 modo
1030 5375 1118 5441 abest,
1138 5372 1324 5441 6166666661,
1344 5373 1475 5451 deinceps
1493 5373 1573 5437 adest
1591 5377 1760 5432 constanter.
