4517 6125
1076 589 1110 600 -
1145 557 1274 616 cccuw
1309 589 1343 600 -

308 730 451 782 For-mulae
488 720 569 788 vit¹),
592 717 709 788 originis
726 717 845 774 Italicae
867 719 922 780 est,
945 716 1018 772 duae
1040 718 1176 772 formulae
1198 717 1332 788 leguntur
1356 716 1536 772 cohaerentes
1558 734 1621 772 cum
1642 717 1702 772 iure
1721 717 1932 775 RomanoVisi-

319 801 450 882 θθάῑωπῑ,
486 812 610 882 gothico.
637 811 763 866 Utuntur
781 808 873 864 verbis
886 807 1022 863 Breviorii
1041 807 1146 878 integri
1159 808 1203 863 vel
1222 808 1364 877 epitomae
1376 806 1498 878 Aegidii.
1528 806 1652 862 Priorem
1670 823 1705 861 ex
1720 805 1794 861 libro
1806 805 1933 862 'lheodo-

296 870 462 922 delfflm
486 898 566 953 siano
583 897 655 968 legis
674 896 816 951 Romanae
834 897 956 950 tractam
974 912 1034 950 esse
1057 894 1143 950 codex
1162 892 1223 964 ipse
1245 894 1275 948 in
1293 894 1347 949 fine
1365 893 1485 957 indicat,
1509 894 1601 949 altera
1622 893 1778 948 clausulam
1794 891 1838 947 ‘in
1856 892 1930 947 libro

299 948 460 1064 Mugffm
486 984 554 1039 VIII
572 982 766 1037 Theodosiano
784 982 836 1036 suh
855 979 940 1036 titulo
963 980 1053 1049 primo
1076 979 1111 1034 de
1128 978 1349 1034 accusatoribns’
1365 980 1511 1035 continens
1535 979 1627 1035 verbis
1648 979 1708 1034 ‘lex
1729 979 1798 1034 talis
1821 977 1933 1034 edocet'

487 1069 698 1126 constitutionis
716 1067 854 1123 Breviarii
873 1066 927 1136 [Br.
941 1065 992 1120 I'h.
1006 1066 1051 1131 IlI,
1066 1068 1088 1130 l,
1101 1066 1127 1134 4]
1147 1065 1409 1135 interpretationem
1427 1069 1518 1120 totam
1537 1066 1581 1121 vel
1600 1066 1742 1136 epitomae
1757 1065 1932 1137 Aegidianae

486 1161 596 1213 textum
615 1155 708 1212 verbis
725 1153 834 1208 ultimis
856 1152 965 1207 omissis
987 1152 1100 1222 repetit
1137 1150 1214 1214 Quae
1236 1151 1384 1217 formulae,
1409 1152 1522 1207 etiamsi
1546 1152 1575 1207 in
1593 1152 1680 1208 Italia
1703 1169 1751 1209 eas
1772 1156 1850 1208 ortas
1871 1170 1932 1209 esse

487 1261 542 1299 non
560 1245 679 1308 constat,
698 1244 794 1296 tamen
811 1243 887 1295 certe
905 1240 935 1293 in
947 1239 1034 1293 ltalia
1051 1237 1211 1307 descriptae
1229 1241 1260 1293 et
1277 1239 1493 1293 transformatae
1511 1242 1584 1294 sunt.
1614 1238 1758 1303 Quomodo
1771 1239 1932 1295 collectioni

487 1332 619 1386 Anselmo
637 1328 785 1384 dedicatae
802 1327 924 1382 insertae
942 1329 1042 1387 essent,
1061 1325 1178 1380 Patetta
1195 1324 1266 1379 mihi
1285 1325 1356 1380 bene
1374 1325 1577 1381 demonstrasse
1596 1325 1714 1381 videtur.
1750 1325 1780 1380 Si
1798 1325 1840 1390 id,
1858 1326 1933 1394 quod

487 1417 567 1487 ipsae
585 1415 665 1471 nobis
682 1414 781 1469 dicurd
799 1412 941 1480 {Tractum
959 1429 993 1467 ex
1011 1412 1084 1467 libro
1100 1410 1295 1466 Theodosiano
1313 1412 1385 1482 legis
1404 1412 1555 1468 Itomanae.
1584 1413 1616 1466 In
1634 1413 1707 1468 libro
1719 1411 1786 1467 VIII
1806 1412 1933 1468 Theodo

487 1502 559 1556 siani
577 1502 629 1556 sub
647 1501 733 1555 tItulo
751 1499 842 1569 primo
860 1500 895 1554 de
913 1498 1147 1566 accusatoribusl,
1170 1498 1400 1567 interpretamur,
1423 1498 1545 1568 primum
1566 1496 1596 1551 in
1615 1497 1710 1553 codice
1728 1499 1850 1568 quodam
1867 1499 1932 1555 Bre

488 1588 571 1643 viarii
589 1587 674 1642 fuisse
693 1586 854 1647 videntur.²)
884 1585 956 1640 Dein
972 1586 1009 1640 ab
1027 1585 1125 1655 ignoto
1144 1584 1264 1653 quodam
1282 1584 1419 1653 scriptore
1437 1584 1467 1639 in
1486 1584 1639 1654 exemplari
1653 1584 1932 1641 Pseudoisidorianae

487 1674 595 1729 duobus
613 1672 763 1742 capitibus,
783 1671 812 1725 in
829 1671 932 1740 quibus
949 1672 984 1727 de
1001 1671 1211 1727 accusatoribus
1232 1671 1382 1741 agebatur,
1406 1671 1435 1725 in
1457 1672 1585 1741 margine
1607 1671 1718 1742 positae
1740 1688 1759 1726 a
1776 1673 1931 1743 posteriore

487 1778 570 1815 manu
591 1760 648 1813 iam
670 1759 699 1812 in
718 1761 827 1813 textum
843 1762 1005 1828 assumptae
1023 1760 1095 1812 sunt.
1132 1757 1275 1812 Postremo
1294 1775 1356 1811 cum
1374 1757 1433 1812 illis
1451 1757 1747 1827 pseudodecretalibus
1768 1759 1797 1813 in
1815 1759 1932 1814 Italiam

488 1847 607 1915 indeque
630 1846 659 1900 in
682 1845 877 1900 collectionem
900 1846 1030 1900 dnselmo
1055 1844 1214 1900 dedicatam
1238 1844 1416 1899 transierunt.
1456 1844 1626 1916 Fragmenta
1647 1843 1764 1900 alterius
1787 1846 1932 1909 formulae,

487 1936 520 1988 ut
541 1931 659 1987 Patetta
680 1932 849 1993 illustravit,
874 1932 961 1988 etiam
984 1932 1014 1986 in
1039 1931 1135 1986 codice
1157 1930 1285 1985 Parisino
1302 1932 1371 1985 4403
1394 1931 1531 1987 BrevIarii
1554 1931 1673 2002 glossati
1695 1932 1725 1986 in
1751 1932 1931 1988 meridIonali

488 2019 584 2075 Gallia
607 2019 706 2088 scripti
732 2021 884 2089 apparent,
909 2019 982 2073 unde
1003 2018 1157 2073 Haenelius
1179 2035 1213 2072 ea
1236 2018 1428 2087 publicarint
1470 2019 1626 2082 Ilormulas,
1652 2035 1724 2088 quae
1751 2019 1788 2073 ad
1813 2020 1932 2090 negotia

487 2106 662 2177 privatorum
680 2105 724 2160 vel
748 2105 784 2160 ad
801 2105 844 2159 ins
862 2105 891 2158 in
910 2103 1023 2158 iudiciis
1041 2103 1222 2159 obtinendum
1241 2104 1386 2159 confectae
1404 2108 1481 2167 sunt,
1504 2104 1648 2160 codicibus
1669 2103 1764 2175 legum
1782 2104 1933 2175 inscriptas

488 2210 548 2248 esse
566 2192 652 2247 variis
669 2192 805 2262 exemplis
823 2190 1007 2247 demonstrari
1024 2195 1127 2261 potest.
1164 2191 1209 2245 Ita
1227 2192 1363 2247 formulae
1382 2191 1509 2246 Marculfi
1532 2192 1561 2247 in
1580 2192 1675 2247 codice
1694 2192 1933 2263 Lugduno-Bata

489 2279 566 2335 vensi
588 2279 730 2349 appendix
752 2278 893 2348 epitomae
911 2277 1023 2348 degidii
1044 2281 1118 2332 sunt.
1155 2277 1328 2333 Turonenses
1350 2279 1379 2332 in
1399 2279 1543 2334 codicibus
1561 2278 1740 2334 Varsoviensi
1758 2283 1789 2335 et
1805 2279 1933 2334 Parisino

488 2365 539 2420 lat.
555 2367 624 2418 4409
646 2366 738 2437 legem
756 2364 910 2419 Romanam
925 2365 1138 2436 Visigothorum
1161 2365 1339 2434 Salicamque
1361 2369 1523 2434 sequuntur.
1560 2367 1591 2420 In
1615 2366 1709 2422 codice
1728 2365 1793 2422 Vat
1811 2384 1868 2438 reg.
1881 2366 1934 2421 852

488 2451 587 2506 harum
610 2451 791 2506 formularum
813 2452 972 2521 fragmenta
989 2451 1134 2507 Breviario
1157 2452 1387 2522 praemittuntur.
1424 2452 1554 2507 Formula
1576 2453 1620 2508 ‘de
1640 2453 1717 2507 trina
1739 2450 1931 2508 couventione'

489 2537 518 2591 in
537 2537 622 2591 variis
640 2537 783 2592 codicibus
801 2537 976 2592 Breviarium
994 2538 1203 2594 continentibus
1221 2539 1295 2594 inter
1313 2538 1484 2609 appendices
1501 2539 1585 2593 huius
1603 2538 1675 2610 legis
1693 2538 1840 2609 reperitur.

575 2639 652 2696 Idem
676 2640 762 2696 codex
780 2640 965 2696 Vercellensis
989 2641 1018 2694 in
1043 2644 1123 2694 sexta
1147 2644 1229 2710 parte
1251 2641 1425 2696 collectionis
1452 2644 1518 2711 post
1540 2645 1635 2698 textus
1661 2661 1696 2698 ex
1720 2643 1780 2698 iure
1803 2641 1930 2697 Romano

489 2724 604 2779 haustos
617 2725 847 2781 constitutionem
859 2728 1000 2795 quandam
1012 2727 1204 2797 apocrypham
1216 2727 1260 2783 ‘de
1272 2728 1451 2784 diaconorum
1463 2729 1681 2798 presbiterorum
1698 2733 1728 2786 et
1738 2729 1934 2800 episcoporum

489 2813 596 2868 subole'
613 2831 630 2867 a
647 2830 731 2867 manu
745 2813 841 2883 paullo
858 2814 1012 2883 posteriore
1024 2814 1161 2884 scriptam
1173 2815 1298 2884 praebet.
1328 2815 1453 2871 Eandem
1465 2816 1553 2872 habet
1565 2815 1638 2869 alius
1649 2816 1736 2871 codex
1747 2814 1935 2871 Vercellensis

488 2897 586 2967 paullo
602 2899 749 2953 recentior.
780 2900 960 2965 constitutio,
979 2904 1011 2955 ut
1029 2901 1086 2955 iam
1100 2901 1228 2956 Vermina
1247 2901 1406 2971 suspicatus
1424 2905 1467 2957 est
1485 2907 1516 2958 et
1527 2902 1643 2958 Patetta
1659 2906 1726 2972 post
1743 2920 1806 2958 eum
1823 2903 1934 2958 demon-

488 2984 631 3051 stravit⁴),
656 3002 725 3055 opus
748 2987 892 3042 cuiusdam
914 2987 1023 3042 falsarii
1040 2987 1227 3043 Vercellensis
1249 3005 1309 3044 esse
1327 2987 1446 3044 videtur.
1484 2990 1517 3043 In
1534 2992 1653 3058 unoque
1672 2988 1767 3044 codice
1785 2987 1934 3057 inscriptio

488 3089 536 3127 sex
558 3072 739 3142 imperatores
762 3074 854 3129 adfert
877 3074 967 3143 iisque
986 3076 1071 3130 verba
1087 3076 1130 3129 ‘in
1149 3075 1269 3145 septimo
1288 3075 1361 3130 libro
1381 3075 1452 3144 Gay'
1468 3076 1555 3131 addit.
1592 3076 1669 3131 Haec
1686 3074 1836 3145 inscriptio
1854 3075 1934 3130 vitiis

488 3174 542 3212 non
561 3162 639 3213 caret
661 3162 691 3213 et
711 3160 832 3230 scriptor
849 3177 912 3215 eam
934 3179 968 3216 ex
987 3161 1122 3216 memoria
1141 3161 1308 3231 expressisse
1327 3160 1451 3226 videtur,
1475 3162 1573 3231 itaque
1594 3162 1825 3218 constitutionem
1842 3162 1933 3232 ipsam

488 3245 592 3299 flustra
609 3244 639 3298 in
652 3245 796 3301 Breviario
815 3246 859 3301 vel
878 3247 907 3300 in
919 3246 1113 3302 Theodosiano
1131 3247 1254 3317 genuino
1273 3264 1399 3315 quaeras.
1429 3247 1483 3302 Sed
1496 3247 1634 3303 Breviorii
1653 3248 1786 3303 notitiam
1803 3248 1934 3303 falsarius

488 3330 602 3394 habuit;
625 3332 750 3401 quodni
773 3332 816 3386 ita
838 3338 924 3397 esset,
950 3334 1035 3389 verba
1057 3334 1100 3387 ‘in
1118 3333 1239 3403 septimo
1264 3334 1336 3389 libro
1355 3333 1427 3402 Gsy‘
1448 3334 1641 3405 intellegenda
1662 3353 1717 3391 non
1738 3338 1843 3403 essent,
1867 3352 1934 3389 nam

488 3416 517 3471 in
535 3418 595 3471 solo
613 3417 756 3473 Breviario
775 3424 908 3489 excerpta
926 3438 960 3475 ex
977 3420 1205 3475 institutionibus
1224 3420 1277 3475 Gai
1295 3420 1447 3490 septimam
1463 3424 1574 3490 partem
1592 3422 1715 3492 explent

257 3546 343 3599 goda
362 3548 460 3601 pm,
574 3522 654 3577 Alius
673 3523 759 3578 codex
775 3522 961 3579 Vercellensis
979 3524 1050 3592 (122)
1068 3523 1175 3579 saeculi
1193 3522 1295 3579 decimi
1317 3525 1444 3579 exeuntis
1462 3525 1604 3594 epitomen
1623 3525 1726 3580 Iuliani
1745 3524 1934 3595 complectens

282 3618 359 3669 unsa
377 3622 433 3669 122.
488 3605 548 3662 sine
566 3608 651 3663 dubio
673 3609 702 3662 in
721 3609 806 3664 ltalia
824 3610 946 3679 scriptus
970 3614 999 3665 et
1021 3611 1181 3681 fragmenta
1204 3611 1263 3666 alia
1280 3611 1382 3666 Italiae
1400 3614 1468 3666 nota
1492 3612 1636 3668 continens
1660 3612 1690 3667 in
1712 3612 1766 3667 fine
1784 3612 1838 3667 duo
1859 3613 1934 3683 trag·

488 3699 585 3749 menta
602 3695 743 3765 epitomae
761 3697 874 3767 Aegidii
893 3715 926 3753 ex
944 3697 996 3750 Th.
1009 3697 1083 3765 VIII,
1096 3700 1149 3763 5,1
1168 3697 1288 3763 habet.⁸)

299 3822 422 3890 (popm
575 3797 708 3869 Capitula
725 3800 876 3855 secundum
894 3800 1048 3870 Lodoici0),
1069 3820 1140 3873 opus
1158 3802 1301 3857 cuiusdam
1320 3802 1426 3873 privati
1445 3802 1638 3871 compilatoris
1655 3802 1685 3857 in
1704 3801 1800 3857 codice
1819 3801 1932 3855 Ambro

289 3894 428 3944 secundum
488 3884 567 3939 siano
585 3885 608 3940 0
627 3889 660 3940 55
681 3890 887 3951 conservatum,
910 3888 959 3957 qui
982 3889 1094 3944 saeculo
1112 3889 1160 3945 Xl.
1186 3889 1308 3959 scriptus
1333 3889 1436 3944 librum
1458 3889 1624 3959 Papiensem
1649 3888 1792 3944 continens
1815 3886 1933 3958 originis

300 3963 415 4014 lodoici·
488 3970 744 4043 Langobardicaep
768 3979 811 4029 est
834 3975 952 4044 usuique
974 3975 1003 4030 in
1026 3976 1156 4046 partibus
1181 3976 1366 4032 Lombardiae
1389 3975 1546 4031 destinatus
1568 3976 1635 4040 fuit,
1661 3975 1689 4029 in
1714 3993 1775 4045 cap.
1790 3976 1821 4028 19
1841 3973 1887 4043 [Μ.
1900 3973 1932 4028 G.

488 4059 579 4129 Capit
596 4062 635 4129 ill
654 4062 771 4131 337,10]
789 4063 881 4118 locum
899 4079 933 4117 ex
951 4063 1077 4134 epitoma
1092 4064 1206 4134 Aegidii
1226 4063 1288 4133 [Th.
1302 4063 1348 4130 IV,
1362 4065 1386 4128 5,
1402 4064 1425 4133 1]
1445 4063 1597 4132 reddunt.⁸)
1628 4061 1758 4116 Nondum
1777 4063 1896 4125 constat,
1914 4076 1933 4114 a

577 4235 597 4297 ¹)
616 4237 718 4287 Patetta
735 4238 790 4288 eod.
809 4235 902 4304 22sq.;
926 4241 1005 4302 idem,
1023 4241 1080 4293 Riv,
1094 4242 1124 4291 It.
1144 4242 1202 4300 ΧΠ,
1216 4238 1275 4292 311.
1311 4242 1426 4297 Patetta,
1448 4256 1515 4305 quae
1532 4240 1559 4290 in
1580 4240 1630 4291 hac
1653 4255 1681 4289 re
1704 4238 1836 4289 Merkelus
1853 4234 1932 4305 [apud

488 4304 562 4355 Serv.²
581 4306 636 4367 VII,
650 4304 681 4355 71
692 4303 740 4372 sq.]
761 4315 787 4359 et
804 4309 931 4361 Conratus
949 4312 970 4374 I,
982 4308 1033 4361 47·
1050 4310 1178 4368 dixerunt,
1197 4310 1270 4361 auxit
1287 4318 1313 4360 et
1330 4312 1447 4362 correxit

576 4390 599 4454 ¹)
617 4394 729 4444 Poenam
752 4395 858 4459 triginta
881 4396 1006 4447 librarum
1028 4397 1085 4447 auri
1107 4396 1191 4447 altera
1213 4397 1323 4448 formula
1345 4412 1428 4461 aeque
1451 4396 1529 4447 habet
1550 4401 1629 4460 atquo
1651 4393 1697 4445 illa
1721 4393 1789 4459 regis
1806 4392 1933 4444 hudovici

489 4460 536 4511 lilii
555 4462 661 4513 Bosonis
679 4464 769 4514 charta
785 4466 847 4516 anni
865 4462 925 4520 897.
944 4483 995 4530 qua
1012 4466 1177 4518 donationem
1196 4467 1275 4531 patris
1293 4466 1333 4516 sui
1352 4466 1476 4517 ecclesiae
1488 4462 1742 4529 Gratianopolitanae
1760 4463 1854 4513 taomm
1872 4478 1932 4513 oon·

489 4532 581 4581 firmat.
617 4532 717 4583 Codicis
736 4535 871 4584 Iustiniani
889 4534 992 4597 1,lt‚‘2
1015 4536 1098 4601 legem
1117 4536 1254 4585 Theodosii
1275 4544 1302 4587 et
1317 4535 1490 4586 Valentiniani
1509 4534 1687 4585 Theodosiano
1712 4549 1763 4582 non
1781 4532 1932 4597 inscriptam

489 4600 661 4651 continentem
680 4602 749 4652 haud
773 4604 872 4655 adferre
891 4603 975 4655 velim.
1010 4602 1078 4655 ‘Lex
1097 4601 1247 4655 Theodosli’
1264 4603 1371 4667 ibidem,
1396 4612 1426 4655 ut
1443 4606 1558 4669 credam,
1576 4602 1736 4655 Breviarium
1755 4618 1812 4652 esse
1829 4601 1932 4652 videtur

490 4665 596 4733 [Conrat
613 4673 632 4730 I,
645 4668 676 4721 31
686 4671 710 4733 ²;
730 4674 831 4724 Patetta
847 4675 903 4724 AG.
916 4674 970 4724 eod.
984 4671 1032 4733 ‘24;
1050 4674 1222 4735 Riv.1t.x11,
1236 4671 1304 4737 ³091.

575 4754 596 4820 ³)
615 4757 713 4808 Haenel
731 4760 807 4809 LRV.
825 4757 884 4811 463.

578 4843 599 4907 ⁴)
617 4846 698 4895 Bandi
716 4847 747 4897 de
765 4847 864 4911 Vesme,
883 4846 974 4898 Edicta
991 4849 1090 4913 Legum
1109 4847 1336 4912 Langobardorum
1355 4865 1377 4913 p.
1391 4848 1461 4909 cxc
1481 4848 1582 4909 Patetta
1599 4845 1654 4896 AG.
1673 4843 1690 4894 1.
1703 4859 1726 4895 c.
1744 4840 1823 4908 26sq.

578 4929 598 4994 s)
616 4932 758 4982 Mommsen
775 4933 803 4982 in
820 4932 884 4984 Coll.
896 4933 953 4983 libr.
967 4933 1030 4984 iuris
1046 4933 1173 4985 Anteiust.
1188 4930 1277 4999 (1890)
1295 4935 1341 4998 111,
1355 4931 1417 4993 117;
1437 4935 1531 4984 Conrat
1549 4934 1570 4996 1,
1583 4928 1642 4997 627,
1661 4948 1713 4996 quo
1731 4929 1787 4981 loco
1805 4945 1845 4992 ea,
1863 4945 1932 4994 quae

490 4998 517 5047 in
535 5007 595 5048 nota
613 4998 664 5048 41ι
682 5001 753 5061 dixit,
772 5003 942 5069 corriguntur.

577 5084 599 5147 ⁸)
618 5087 652 5136 Μ.
666 5088 696 5137 G.
709 5089 761 5139 LL.
780 5087 909 5155 1‚523sq.

577 5170 599 5233 ⁷)
619 5174 703 5223 Habet
724 5175 789 5226 haec
811 5175 955 5242 compilatio
978 5177 1054 5228 etiam
1078 5182 1131 5226 tres
1154 5176 1224 5226 locos
1247 5176 1312 5241 legis
1333 5177 1466 5227 Romanae
1484 5175 1616 5227 Curiensis
1639 5172 1672 5241 [c.
1688 5171 1732 5235 20,
1749 5170 1782 5223 21
1802 5178 1828 5223 et
1845 5168 1880 5222 42
1898 5191 1932 5214 =

489 5241 967 5311 1.R.0ur.xx1u,2o,1ecat,1].

527 5327 704 5465 &ignifici
727 5328 844 5397 (Posiae)
867 5330 990 5400 scriptum
1016 5348 1072 5383 esse
1095 5331 1231 5382 Bluhmius
1256 5339 1362 5382 auctore
1387 5327 1549 5382 Bethmanno
1577 5330 1683 5396 exponit
1707 5327 1753 5397 [M.
1772 5330 1804 5380 G.
1823 5328 1875 5379 111,.
1895 5327 1931 5378 IV

490 5414 514 5463 p.
650 5401 657 5421 ⁶
679 5436 685 5448 .
