4517 6125
1010 528 1236 584 -XCVI-

400 686 475 743 sicut
500 686 573 741 infra
597 704 764 756 exponemus
787 687 824 741 ad
846 685 1011 741 Parisinum.
1030 715 1062 726 -
1084 683 1196 739 Codicis
1217 683 1392 764 Basileeus-is
1407 681 1468 739 eius
1491 684 1525 740 de
1548 701 1603 754 quo
1625 685 1707 740 modo
1729 684 1849 741 diximus

400 773 468 828 folia
491 772 604 841 signata
626 791 684 826 s-
698 792 714 824 1
731 773 767 841 (φ
778 791 798 840 χ
820 790 875 826 non
897 775 962 826 sunt
983 771 1101 841 scripta)
1122 772 1175 825 sub
1197 769 1283 826 titulo
1305 769 1393 841 ‘incip
1416 771 1509 842 legum
1528 769 1678 827 Theodosii
1701 770 1751 826 lib.
1763 770 1787 825 l'
1802 772 1849 827 de·

401 859 507 929 scripta
528 862 593 912 sunt
617 874 649 911 111
669 856 764 912 codice
788 856 871 912 hodie
889 857 1021 913 Beruensi
1041 857 1130 922 (cuius
1152 857 1233 920 item,
1256 860 1289 911 ut
1311 856 1488 927 exposuimus
1506 874 1592 927 supra
1609 875 1636 927 p.
1649 856 1773 921 LXXIV,
1795 858 1848 913 sub

402 943 512 1000 nomine
525 942 737 1015 Argentinensis
755 943 860 1014 passim
879 943 985 999 mentio
1003 945 1035 999 fit
1053 943 1082 998 iu
1094 942 1278 1015 marginibus)
1292 944 1329 999 ad
1341 943 1479 1014 explenda
1495 960 1530 999 ea
1541 961 1613 1013 quae
1630 943 1659 998 in
1670 943 1848 1000 llurbacensi

400 1031 643 1094 desiderabantur;
667 1030 729 1086 finit
746 1031 943 1101 apographum
961 1032 1061 1095 2,24,1
1081 1048 1172 1085 errore
1191 1030 1386 1100 praetermisso
1406 1030 1499 1100 capite
1518 1031 1542 1094 2,
1554 1031 1622 1094 242
1640 1033 1670 1086 11
1688 1032 1767 1086 textu
1785 1048 1848 1085 con·

399 1116 557 1173 stitutionis
576 1116 718 1185 sequentis
736 1117 760 1180 2,
770 1117 812 1180 25,
825 1117 847 1171 1.
881 1115 1006 1172 Indidem
1024 1116 1053 1171 in
1070 1118 1124 1172 fine
1141 1117 1223 1172 Pauli
1240 1135 1312 1187 quae
1331 1116 1361 1171 in
1379 1116 1556 1173 Murbacensi
1574 1115 1743 1174 deficiebant
1754 1116 1848 1171 Amer-

401 1201 519 1258 bschius
537 1201 670 1271 explevit.
707 1201 908 1257 Amerbachins
926 1220 998 1271 quac
1020 1201 1050 1256 in
1072 1202 1117 1257 his
1141 1202 1313 1267 emendavit,
1337 1203 1470 1273 pleraque
1493 1205 1538 1267 (ut
1557 1203 1641 1268 1,2,5
1657 1233 1692 1243 -
1709 1204 1734 1267 2,
1744 1202 1797 1267 9,9
1815 1234 1849 1244 -

399 1289 595 1358 2,15,1)11111
610 1291 676 1343 suut
692 1286 801 1343 librarii
818 1306 922 1344 errores
938 1307 972 1343 ex
985 1288 1081 1344 codice
1099 1289 1216 1345 correcti
1221 1309 1228 1353 ;
1246 1290 1283 1345 ad
1301 1290 1391 1345 solum
1408 1289 1524 1346 titulum
1542 1288 1608 1346 libri
1625 1289 1709 1360 primi
1727 1288 1849 1360 primum

400 1378 538 1447 quasdem
556 1381 607 1432 aut
627 1376 776 1432 emendata
793 1379 858 1431 sunt
876 1380 927 1431 aut
945 1376 1088 1447 adscripta
1106 1378 1148 1445 (ut
1168 1377 1249 1441 1,1,1
1270 1376 1403 1444 probiano
1419 1393 1470 1447 pro
1484 1375 1619 1445 probiotio
1640 1378 1671 1431 et
1687 1375 1849 1446 adscriptae

400 1461 614 1518 constitutiones
634 1464 656 1524 l,
668 1462 691 1526 1,
701 1462 725 1515 2.
738 1461 763 1515 3.
775 1461 802 1529 4)
820 1479 873 1516 non
893 1462 1005 1531 sumpta
1023 1479 1056 1516 ex
1075 1460 1208 1516 Beruensi
1225 1464 1255 1517 et
1272 1460 1377 1515 similia
1395 1459 1584 1518 Gochlaeanis.

489 1632 674 1690 Berolineusis
702 1633 762 1688 Lat.
784 1637 877 1702 quart.
898 1634 948 1690 150
973 1633 1089 1689 saecX
1115 1634 1233 1702 (Haenel
1255 1633 1290 1688 43
1307 1657 1339 1680 =
1357 1634 1409 1704 37).
1453 1632 1667 1689 Praescribitur:
1694 1635 1727 1688 in
1747 1634 1852 1691 illusisti

401 1719 510 1774 nombre
526 1719 622 1787 incipit
638 1719 703 1772 liber
719 1720 814 1790 ispum.
850 1719 945 1775 Habet
961 1717 1111 1774 Maioriani
1133 1719 1259 1774 novellas
1281 1737 1329 1774 sex
1352 1717 1456 1788 primas
1478 1736 1525 1774 eas
1551 1717 1628 1789 ipsas
1644 1737 1717 1789 quae
1733 1720 1850 1790 reliquis

401 1804 555 1876 deperditis
573 1804 651 1860 solae
668 1806 817 1874 supersunt
834 1803 864 1858 in
883 1803 978 1860 codice
996 1805 1169 1860 novellarum
1186 1805 1269 1861 hodie
1281 1803 1414 1876 primario
1425 1804 1564 1861 Vaticano
1577 1804 1767 1862 Ottoboniauo
1780 1807 1850 1861 9297

401 1911 435 1948 ex
447 1893 603 1962 archetypo
619 1891 679 1947 eius
694 1889 825 1946 similiter
836 1890 938 1946 mutilo
950 1891 1106 1946 translatae
1125 1893 1154 1947 in
1166 1891 1334 1948 recentiores
1350 1895 1407 1948 tres
1420 1889 1626 1948 berolinensem
1644 1892 1727 1957 hunc,
1745 1891 1849 1949 Parisi-

401 1997 467 2036 num
485 1976 915 2044 9652-1-4406,1’111111111111
933 1981 1018 2033 antea
1037 1977 1236 2034 Kellerianum.

365 2157 377 2186 *
490 2157 676 2214 Berolinensis
694 2157 881 2229 Savignranus
903 2159 955 2213 n.l
980 2159 1089 2215 saecX
1108 2159 1228 2226 (Haenel
1250 2161 1284 2214 42
1301 2183 1334 2205 --
1351 2160 1407 2228 34),
1432 2160 1513 2215 nobis
1530 2160 1563 2215 N
1566 2163 1587 2215 ⁸.
1623 2159 1708 2216 Initio
1732 2161 1851 2219 mutilus

401 2245 575 2303 Breviorium
594 2245 698 2316 incipit
715 2245 745 2300 in
762 2244 935 2300 rubricarum
954 2246 1090 2301 laterculo
1109 2246 1158 2300 12
1177 2245 1248 2301 rius
1266 2245 1295 2299 in
1313 2243 1521 2314 explanationis
1537 2244 1630 2302 verbis
1644 2286 1649 2300 .
1663 2287 1670 2302 .
1684 2288 1691 2302 .
1703 2289 1709 2302 .
1718 2247 1852 2316 pillosam

401 2349 499 2387 coruos
521 2331 553 2385 in
570 2333 632 2400 ipsa
648 2332 751 2386 11111111
767 2331 957 2400 ductantur,
980 2332 1043 2388 finit
1065 2336 1130 2403 post
1153 2333 1245 2387 Iocum
1263 2330 1414 2401 Papiniani
1431 2331 1485 2386 sic:
1508 2332 1615 2401 suplicii
1636 2333 1700 2387 liber
1715 2333 1852 2390 1111111111

400 2433 433 2472 a
450 2417 617 2472 1111111111
633 2418 774 2473 1111111111
791 2417 939 2472 1111111111
954 2418 1067 2484 felicita
1084 2417 1134 2472 deo
1149 2418 1255 2488 pretias
1272 2433 1362 2484 anun,
1383 2434 1456 2487 quae
1478 2416 1541 2488 ipsa
1560 2418 1645 2474 verba
1667 2420 1764 2476 eodem
1787 2420 1851 2476 loco

401 2505 534 2577 leguntur
561 2504 590 2559 in
615 2507 710 2559 nostro
734 2503 818 2574 pleno
837 2503 874 2559 N.
914 2504 1107 2561 Theodosiana
1130 2503 1332 2575 praescribitur
1352 2503 1528 2558 Ibeodosicni
1548 2504 1592 2558 bb.
1610 2505 1638 2572 I,
1664 2505 1852 2563 subscribitur

403 2591 589 2646 Theodosiani
610 2591 834 2645 emundationum
856 2591 918 2644 irbri
938 2591 1017 2646 XVI
1034 2591 1183 2660 expliciunt
1205 2593 1284 2657 (corr.
1302 2590 1419 2660 captiuit)
1438 2590 1550 2656 feliciter
1566 2589 1616 2645 deo
1635 2591 1740 2661 pratas
1760 2609 1850 2647 amen.

401 2675 494 2732 codex
513 2694 575 2731 cum
594 2676 758 2747 plerumque
782 2694 836 2731 non
860 2680 948 2745 ponat
971 2675 1025 2729 nisi
1048 2675 1244 2746 inscriptiones
1262 2678 1292 2730 et
1309 2675 1529 2746 subscriptiones
1546 2678 1575 2731 et
1594 2675 1851 2747 interpretationes,

401 2760 553 2831 aliquoties
564 2761 641 2833 ipsas
653 2761 867 2819 constitutiones
879 2761 994 2817 exhibet
1006 2763 1041 2829 (2,
1051 2762 1119 2829 3112
1138 2792 1171 2802 -
1189 2763 1213 2826 4,
1226 2763 1288 2825 15,1
1310 2794 1343 2801 -
1361 2764 1463 2827 4,16,2
1483 2791 1516 2802 -
1533 2763 1636 2827 4,17,2
1654 2793 1686 2802 -
1699 2764 1724 2828 4,
1737 2764 1777 2828 19,
1788 2765 1805 2817 5
1818 2795 1851 2804 -

399 2848 1851 2917 4,18,1-4,19,1-4,20,1.2-4,21,1-4,22,1-6,5,2-7,1,1-8,5,59-

400 2936 503 3000 8,15,2
521 2965 555 2974 -
573 2936 598 2998 9,
608 2935 632 2999 9,
643 2936 676 3001 6).
712 2935 831 2991 Adiecta
849 2939 914 2990 sunt
936 2934 1094 3005 capitulare
1114 2933 1210 2989 Karoli
1234 2933 1330 3005 magni
1348 2952 1373 2989 a.
1386 2934 1438 2988 803
1456 2952 1478 2990 c.
1494 2935 1577 2989 1-10
1595 2934 1668 3001 (MG.
1687 2934 1773 3006 capit
1790 2952 1848 3007 reg.

400 3020 524 3076 Frenal
545 3021 642 3091 p.113.
657 3021 718 3089 114)
742 3024 771 3076 11
794 3022 936 3078 decretum
955 3019 1130 3077 childeberti
1150 3021 1176 3076 II
1199 3038 1224 3076 a.
1237 3021 1288 3078 596
1312 3038 1335 3075 c.
1347 3023 1372 3076 6.
1386 3021 1409 3075 7.
1422 3019 1476 3077 3.4
1495 3020 1560 3087 (1.1.
1579 3039 1607 3091 p.
1623 3020 1661 3076 16,
1675 3022 1719 3091 17)
1740 3021 1849 3093 scripta

399 3126 484 3163 manu
504 3107 614 3170 eadem;
638 3126 710 3176 quae
733 3108 933 3177 sequebantur,
956 3108 1106 3178 perierunt.
1127 3138 1159 3148 -
1177 3107 1270 3162 Codex
1288 3107 1392 3177 pendet
1414 3125 1448 3163 ex
1465 3107 1620 3179 archetypo
1641 3108 1750 3175 eodem,
1773 3110 1849 3177 quod

400 3191 539 3264 expressit
556 3197 651 3248 noster
669 3194 768 3263 plenus
785 3193 822 3259 N,
842 3212 906 3249 nanr
924 3212 979 3250 non
996 3194 1087 3249 solum
1105 3192 1274 3263 subscriptio
1292 3192 1424 3249 breviarii
1442 3192 1540 3249 eadem
1558 3195 1608 3258 est,
1627 3197 1761 3265 utsupra
1779 3194 1848 3262 dixi,

400 3278 554 3335 sedetiam
573 3278 793 3349 subscriptiones
811 3279 853 3336 ita
871 3279 1057 3343 consentiunt,
1075 3283 1108 3334 ut
1126 3278 1230 3350 passim
1243 3278 1274 3334 N
1285 3281 1314 3334 et
1326 3278 1358 3333 N
1361 3281 1374 3310 ’
1393 3278 1422 3333 in
1439 3278 1577 3334 erroribus
1593 3278 1766 3351 gravissimis
1785 3298 1849 3336 oon·

400 3363 524 3421 sentiant
542 3364 595 3432 (ita
613 3366 671 3430 3,5,
685 3367 717 3420 12
736 3384 785 3436 pro
803 3368 930 3421 Honorio
950 3367 1034 3420 XIII
1050 3371 1075 3420 et
1096 3365 1242 3420 Theodosio
1262 3365 1293 3419 X
1309 3369 1425 3434 uterque
1449 3365 1536 3421 habet
1556 3366 1705 3422 Theodosio
1725 3367 1812 3421 XIII
1825 3373 1850 3422 11

401 3449 525 3505 Honorio
538 3451 589 3520 X);
609 3451 657 3506 ubi
670 3451 847 3517 dissentiunt,
866 3452 1016 3522 aliquoties
1031 3454 1061 3506 N
1077 3454 1205 3523 praestat
1221 3452 1301 3519 (119,
1314 3452 1363 3516 1,3
1376 3482 1408 3491 -
1421 3452 1445 3515 9,
1458 3453 1480 3515 1,
1492 3453 1523 3506 15
1537 3481 1569 3492 -
1581 3454 1606 3517 9,
1617 3453 1667 3516 7,2
1680 3483 1712 3492 -
1724 3455 1749 3518 9,
1761 3454 1801 3519 16,
1811 3454 1848 3524 3),

400 3536 1848 3607 11111111111111111*(119,1,5-9,1,9-9,1,19-9,3,7-9,6,4-9,7,1-9,7,5-

399 3624 424 3687 9,
435 3624 486 3688 ‘td
504 3654 537 3663 -
555 3626 579 3688 9,
592 3624 631 3688 16,
639 3624 675 3690 4).
706 3624 765 3693 Ego
783 3624 898 3680 huiusce
914 3623 980 3679 libri
997 3622 1216 3693 subscriptiones
1227 3641 1322 3679 omnes
1334 3622 1501 3688 examinavi,
1519 3622 1726 3681 consentientes
1742 3641 1806 3680 cum
1818 3624 1850 3681 N

401 3709 446 3764 vel
464 3713 610 3777 corruptas
628 3710 684 3765 fere
702 3709 853 3780 suppressi,
871 3709 972 3779 quibus
989 3708 1059 3765 locis
1071 3712 1225 3779 praestant,
1244 3727 1292 3765 111
1309 3709 1404 3773 attuli
1423 3711 1569 3780 practerea
1587 3709 1617 3765 in
1634 3709 1701 3765 libri
1714 3711 1752 3765 IX
1765 3714 1849 3781 parte

400 3812 434 3849 ea
452 3811 524 3864 quae
542 3794 571 3849 in
589 3794 620 3848 N
637 3794 810 3851 desideratur
828 3813 930 3850 omnes.

487 3965 774 4021 Clermont·l'errand
792 3985 818 4021 n.
831 3966 880 4021 201
900 3966 1017 4033 (Haenel
1031 4006 1037 4019 .
1052 4007 1057 4019 .
1072 4006 1079 4020 .
1092 3989 1125 4012 =
1138 3967 1182 4032 74)
1201 3984 1273 4021 saec.
1285 3966 1319 4020 X.
1355 3965 1529 4022 Breviarium
1552 3971 1610 4023 tam
1634 3972 1701 4023 ante
1721 3967 1848 4024 rubricas

401 4068 485 4120 quam
503 4056 569 4106 ante
589 4055 699 4108 textum
718 4051 882 4123 appellatur
899 4052 964 4106 leber
982 4051 1125 4121 (libellum)
1143 4051 1203 4120 lepis
1220 4051 1581 4115 1111111111,·111ιί111111111
1599 4052 1628 4107 in
1645 4053 1734 4108 Paulo
1745 4055 1769 4119 2,
1779 4055 1846 4120 24,1

402 4137 493 4193 verbis
512 4138 623 4192 liberum
638 4144 725 4207 paret.
755 4137 965 4194 Theodosianus
983 4136 1170 4208 inscriptione
1189 4142 1274 4203 caret,
1294 4137 1482 4209 subscriptum
1500 4142 1543 4195 est
1560 4140 1643 4208 ccplic
1659 4140 1695 4194 lib
1714 4140 1797 4196 des.

487 4309 631 4365 Leidensis
644 4310 796 4366 Vossianus
814 4314 905 4379 quart.
918 4311 952 4364 49
970 4328 1040 4366 saec.
1053 4310 1078 4364 X
1097 4310 1215 4376 (Haenel
1233 4310 1267 4365 38
1279 4333 1312 4357 =
1326 4310 1378 4380 25).
1416 4310 1485 4366 'Iam
1508 4311 1599 4381 prima
1616 4310 1754 4367 Breviarii
1778 4312 1849 4369 folia

401 4415 463 4451 cum
477 4395 612 4467 perierint
624 4415 708 4466 quam
721 4400 853 4462 extrema,
873 4396 973 4467 incipit
992 4396 1021 4451 in
1039 4396 1212 4452 rubricarum
1231 4401 1311 4467 parte
1330 4402 1454 4454 extrema
1467 4396 1630 4469 Gregoriani
1648 4397 1694 4453 tit.
1705 4399 1722 4454 9
1734 4399 1848 4468 explan.

401 4482 503 4536 diceba
519 4482 567 4535 boc
583 4488 615 4536 ut
630 4482 681 4550 ritis
697 4482 832 4550 1111111111,
856 4482 917 4537 finit
938 4482 968 4536 in
987 4482 1159 4554 Gregoriano
1178 4482 1222 4539 tit
1238 4485 1303 4548 12,2
1321 4499 1378 4537 non
1395 4483 1485 4537 statim
1502 4499 1600 4537 111111.
1636 4482 1849 4540 Theodosianus

401 4566 583 4637 inscriptione
602 4572 694 4633 caret;
712 4567 901 4638 subscriptum
919 4572 963 4623 est
983 4568 1166 4623 Tbeodoeioni
1182 4556 1218 4623 ito
1238 4569 1318 4624 XVI
1330 4569 1445 4638 explicit.
1475 4569 1584 4623 Adsunt
1602 4567 1801 4641 inscriptiones
1818 4576 1849 4629 et

400 4652 649 4723 interpretationes
667 4654 720 4717 vel,
739 4659 772 4710 ut
789 4654 837 4708 hic
855 4654 1050 4723 appellantur,
1076 4654 1300 4724 explanationes,
1323 4659 1352 4710 et
1375 4654 1418 4707 his
1436 4652 1601 4710 subiunctas
1620 4656 1847 4728 subscriptiones.

400 4739 475 4794 Ante
493 4738 718 4794 Theodosiannm
735 4739 912 4809 reperiuntur
924 4738 1087 4795 Auctoritas
1105 4739 1270 4795 Alariciana
1288 4739 1369 4809 eique
1387 4736 1553 4794 subiunctas
1570 4740 1706 4798 formulae
1725 4743 1797 4801 dnae
1814 4744 1849 4800 de

400 4824 476 4879 trina
492 4825 662 4878 1111111111
680 4827 775 4895 (supra
793 4844 821 4894 p.
835 4824 989 4893 LXXXIII)
1008 4827 1037 4878 et
1059 4825 1092 4878 de
1110 4825 1165 4879 litis
1183 4825 1304 4894 expensis
1323 4827 1417 4893 (supra
1438 4842 1466 4893 p.
1478 4823 1642 4895 LXXVIII).
1677 4827 1848 4900 Archetypis

401 4910 509 4967 duobus
527 4909 674 4966 librarium
692 4928 771 4965 usum
790 4927 849 4965 esse
867 4909 994 4964 declarat
1012 4910 1183 4979 subscriptio
1202 4907 1413 4975 constitutionis
1431 4910 1532 4976 5,18,1
1551 4913 1588 4982 (p.
1602 4911 1708 4981 XCIV).

487 5080 756 5151 Montispessulanus
769 5080 819 5135 136
837 5098 907 5136 saec.
920 5080 945 5134 X
964 5079 1083 5149 (Haenel
1095 5081 1129 5135 24
1143 5104 1175 5127 =
1187 5081 1244 5151 21),
1264 5084 1348 5136 antea
1364 5080 1542 5137 Pithoeanus.
1578 5084 1678 5150 Codex,
1698 5084 1747 5154 qui
1759 5086 1847 5143 etiam

402 5171 493 5241 legem
505 5166 627 5222 Salicem
646 5171 675 5222 et
693 5165 861 5236 capitularia
877 5166 1015 5234 quaedam
1033 5166 1237 5235 complectitur,
1255 5165 1399 5221 Breviario
1417 5167 1577 5237 praemittit
1594 5168 1673 5225 tituli
1691 5170 1752 5226 Ioco
1771 5172 1847 5241 (vide

402 5275 430 5326 p.
443 5255 571 5323 XXXIII:
597 5254 629 5307 in
649 5253 698 5308 toc
718 5268 829 5321 corpore
851 5252 1007 5306 continnar
1024 5256 1082 5305 tota
1103 5252 1148 5305 lca
1166 5252 1308 5305 Romano:
1331 5252 1425 5322 incipit
1441 5254 1567 5323 prolapsu
1584 5270 1618 5309 cx
1635 5270 1743 5323 corpore
1765 5258 1847 5313 I'teo

402 5341 518 5397 donant.
554 5340 686 5411 Sequitur
703 5337 865 5395 Auctoritas
883 5336 997 5392 Alarici.
1033 5334 1257 5404 subscriptiones
1275 5337 1385 5393 absunt.
