4517 6125
1025 520 1237 580 ..CXX-

405 685 602 757 compilatores
625 683 776 740 laudantur
794 685 909 754 propter
926 682 1060 753 ambigua
1078 680 1310 736 constitutionum
1333 681 1463 746 remota),
1485 678 1540 735 bac
1564 682 1706 751 potestate
1729 681 1758 736 in
1781 678 1852 752 ipsis

405 774 487 828 rebus
509 790 572 827 raro
593 775 623 827 et
645 770 746 826 leniter
768 770 811 824 usi
836 769 967 824 sidentur
989 786 1056 824 esse.
1098 767 1179 823 Certe
1204 773 1399 838 argumentum
1423 768 1550 823 consulto
1574 785 1592 822 a
1617 768 1852 837 compilatoribus

405 864 544 915 mutatum
563 876 622 914 esse
640 857 751 928 repperi
775 874 830 913 uno
848 857 907 911 solo
925 856 999 919 loco;
1022 855 1133 910 scilicet
1154 858 1241 924 caput
1264 855 1337 924 legia
1355 854 1470 910 Honorii
1489 855 1523 910 ds
1542 854 1665 925 captivis
1683 855 1852 911 redimendis

405 945 495 1013 (Sirm.
510 946 552 1013 16)
570 945 612 999 ita
630 943 810 998 immutatum
828 946 871 998 est
889 960 907 997 a
925 942 1035 1011 collega
1052 939 1363 1011 Constantinopolitano
1381 940 1422 1007 (C.
1435 940 1488 995 Th.
1501 942 1609 1009 5,7‚2):

665 1072 820 1127 Honorius:

440 1175 616 1231 Christianae
627 1175 789 1246 [religionis]
802 1175 961 1230 sacerdotes
973 1174 1074 1228 vicino-

405 1281 465 1316 rum
484 1265 513 1316 st
529 1261 716 1332 proximorum
729 1262 852 1317 locorum
866 1259 999 1315 ecclesias
1012 1259 1075 1313 reti·

406 1352 504 1403 nentes
611 1348 730 1404 curiales
753 1365 862 1416 quoque
887 1345 1075 1416 proximarum

1401 1071 1564 1125 Iteodoaias
1581 1072 1626 1127 II:

1215 1173 1388 1229 Christianos
1413 1174 1600 1243 proximorum
1627 1177 1750 1231 locorum
1776 1175 1853 1230 volu·

1180 1279 1240 1314 mus
1253 1259 1335 1314 huius
1348 1261 1387 1314 rei
1405 1259 1623 1317 sollicitudinem
1634 1279 1744 1333 gerere;
1763 1263 1853 1318 curia·

1181 1346 1221 1401 les
1237 1363 1347 1415 quoque
1366 1347 1554 1417 proximarum
1573 1347 1723 1404 civitatum
1741 1348 1854 1419 placuit

1181 1432 1335 1497 admoneri,
1359 1436 1390 1486 ut
1409 1433 1614 1504 emergentibus
1633 1434 1740 1490 talibus
1759 1435 1853 1490 causis

1180 1517 1272 1574 sciant
1289 1518 1361 1589 legis
1379 1523 1491 1575 nostrae
1509 1520 1645 1575 auxilimn
1662 1521 1853 1578 deferendum.

406 1434 554 1490 civitatum
572 1432 682 1503 placuit
699 1432 854 1498 admoneri,
879 1436 913 1487 ut
936 1450 1075 1502 emergen-

406 1520 482 1577 tibus
507 1522 607 1577 talium
631 1519 831 1577 necessitatum
856 1518 948 1572 causis
971 1517 1074 1573 adeant

406 1606 511 1663 iudices
530 1607 601 1678 legis
620 1611 730 1662 nostrae
748 1604 884 1660 auxilium
903 1603 1029 1673 petituri.

405 1728 561 1797 Imperator
582 1726 730 1782 Ravennae
752 1744 816 1780 cum
839 1725 902 1795 lege
923 1724 1002 1779 laesa
1022 1727 1082 1779 tam
1105 1726 1284 1795 presbyteros
1305 1743 1389 1795 quam
1412 1727 1531 1782 curiales
1553 1745 1610 1783 rem
1634 1728 1670 1782 ad
1695 1726 1853 1797 praesidem

406 1813 504 1868 iubeat
521 1812 638 1878 deferre,
663 1809 992 1880 constantinopolitanus
1010 1815 1142 1879 utrosque
1161 1811 1290 1869 similiter
1308 1812 1438 1868 hortatur
1456 1813 1510 1878 ita,
1534 1817 1566 1867 ut
1589 1813 1727 1883 praesidis
1745 1815 1853 1870 mentio

406 1897 598 1968 supprimatur
620 1902 649 1954 et
671 1899 844 1968 privatorum
865 1895 957 1967 magis
981 1895 1074 1966 pietas
1098 1896 1127 1951 in
1151 1897 1289 1953 auxilium
1311 1901 1433 1952 vocetur.
1468 1898 1512 1952 Ad
1531 1899 1617 1955 verba
1640 1900 1715 1968 quod
1738 1900 1853 1965 attinet,

406 1984 586 2040 inveniuntur
603 1985 754 2054 aliquoties
778 1985 830 2050 (16,
838 1984 863 2048 2,
873 1982 915 2046 28,
926 1983 953 2048 7)
975 1982 1169 2039 adlocutiones
1191 1983 1276 2039 tertio
1298 2002 1364 2039 casu
1389 1984 1540 2055 singularis
1558 1985 1600 2041 its
1617 1986 1796 2052 enuntiatae,
1821 1990 1854 2041 ut

407 2071 579 2127 desideretur
594 2070 726 2140 dignitas,
746 2071 879 2138 adquam
898 2068 1023 2135 refertur,
1042 2067 1110 2123 item
1129 2068 1177 2123 hic
1194 2069 1254 2124 illic
1271 2070 1356 2125 verba
1375 2071 1514 2142 leguntur,
1533 2089 1605 2141 quae
1618 2089 1674 2141 quo
1692 2072 1855 2142 pertineant

406 2157 436 2212 in
453 2157 562 2214 relictis
579 2175 634 2213 non
652 2162 771 2227 apparet
783 2158 836 2223 (15,
848 2155 959 2219 1,5a,o:
977 2171 1065 2223 supra
1081 2155 1234 2224 dictorum).
1265 2157 1341 2212 Haec
1358 2162 1390 2212 ut
1406 2157 1491 2212 facile
1505 2158 1713 2213 excusabuntur
1724 2158 1753 2213 in
1766 2176 1854 2228 opera

407 2243 482 2300 inter
503 2244 676 2300 ordinatores
698 2245 728 2298 et
752 2242 880 2296 librarios
902 2240 1005 2304 divisa,
1030 2258 1199 2311 magnopere
1221 2242 1365 2298 offendunt
1387 2243 1442 2298 loci
1464 2244 1583 2299 licenter
1600 2249 1629 2300 et
1649 2244 1781 2315 imperite
1804 2245 1854 2300 im·

407 2330 510 2386 mutati
533 2333 563 2385 et
584 2329 706 2385 laxando
730 2331 759 2384 et
781 2327 987 2397 transponendo
1011 2328 1149 2398 corrupti:
1176 2328 1205 2382 id
1227 2329 1303 2398 qnod
1325 2346 1387 2384 cum
1412 2328 1482 2384 alibi
1507 2329 1612 2399 passim
1635 2336 1767 2400 apparet,
1792 2335 1854 2386 trun

407 2414 572 2485 praesertim
590 2415 667 2486 leges
684 2415 757 2470 infra
775 2413 885 2484 positae
903 2412 1064 2484 geminatae
1083 2414 1259 2480 confirmant,
1281 2433 1399 2484 quarum
1421 2416 1505 2472 binae
1528 2415 1635 2486 primae
1654 2416 1725 2473 adeo
1746 2416 1854 2473 inveni·

406 2506 491 2557 untur
508 2501 588 2556 iuxta
605 2500 723 2571 poeitae.

677 2621 714 2680 re,
727 2620 750 2680 s,
762 2619 808 2668 32:

441 2716 517 2772 Idem
536 2717 593 2770 ΑΔ.
607 2716 736 2771 Caesario
755 2720 821 2789 p’po.

441 2801 485 2856 Ne
504 2802 737 2858 Eunomianorum
757 2809 838 2860 tanta
856 2803 997 2877 dementia
1018 2821 1077 2872 per·

407 2892 527 2954 sereret,
551 2888 680 2943 sublimis
699 2888 908 2960 magnificentia
931 2893 981 2942 tua
1003 2887 1077 2942 ornni

407 2973 501 3028 studio
530 2978 659 3030 auctores
688 2976 868 3043 doctoresque
895 2973 1077 3028 Eunomiano·

407 3078 467 3114 rum
486 3059 656 3131 investigare
675 3063 798 3128 festinet,
818 3061 968 3131 clericique
983 3079 1077 3118 eorum

407 3145 534 3211 maxime,
552 3164 669 3216 quorum
686 3149 762 3202 furor
775 3153 888 3204 tantum
904 3147 994 3204 suasit
1007 3165 1078 3202 erro-

407 3250 476 3297 rem,
500 3233 534 3288 de
559 3232 725 3288 civItatibus
744 3235 887 3304 pellantur
904 3239 1026 3290 extorres
1049 3238 1078 3288 et

408 3318 538 3374 humanis
557 3319 682 3374 coetibus
701 3326 888 3391 segregentur.

442 3404 1078 3477 DatlIlr.Mai.Constantinopolillrcadiollll

408 3497 437 3547 et
455 3491 577 3547 Honorio
597 3491 637 3545 lll
655 3491 713 3545 Art.
733 3510 820 3546 conss.

683 3640 718 3698 16,
729 3641 752 3699 5,
764 3640 796 3687 56
802 3649 810 3686 .·

444 3734 521 3787 Idem
539 3732 596 3788 An.
615 3734 784 3789 Heracliano
802 3753 870 3789 com.
885 3734 1003 3789 Africae.

442 3819 540 3874 Sciant
557 3819 659 3885 cuncti,
678 3820 725 3888 qui
745 3822 780 3874 ad
800 3822 870 3875 ritus
888 3838 951 3874 suos
970 3818 1077 3875 haeresi

407 3906 460 3971 (nel
477 3906 537 3968 sis)
555 3906 763 3974 superstitionis
781 3908 971 3977 obrepserant,
990 3925 1078 3962 sacro·

408 3996 522 4046 sanctae
541 3990 613 4061 legis
631 3990 738 4045 inimici
757 3992 920 4061 plectendos
941 4011 970 4048 se
989 4011 1078 4062 poena

407 4085 437 4133 et
452 4077 662 4147 prescribtionis
674 4081 703 4132 et
717 4077 870 4149 sauguinis,
889 4080 913 4133 si
929 4079 1003 4133 ultra
1017 4097 1079 4133 con·

408 4164 503 4219 venire
523 4182 572 4234 per
586 4164 730 4234 publicum
747 4165 892 4221 exercendi
908 4164 1020 4219 sceleris
1036 4165 1079 4218 sni

408 4250 569 4305 temeritate
590 4252 804 4320 temptaverint,
828 4271 861 4306 ne
881 4269 937 4321 qua
957 4269 1021 4305 vera
1040 4251 1078 4305 di·

410 4337 528 4406 uinaque
551 4338 708 4394 reverentia
730 4338 897 4409 contagione
919 4342 1078 4392 temeretur.

441 4414 523 4478 'ona
538 4424 601 4479 l'lll
621 4426 647 4481 k.
661 4425 737 4496 Sept.
751 4425 873 4479 Honorio
892 4424 914 4477 X
939 4427 968 4478 et
990 4424 1078 4478 ‘l'heo-

409 4510 486 4565 dosio
500 4511 537 4565 vl
556 4512 613 4567 All.
632 4530 718 4566 conss.

700 4638 754 4698 136,
768 4640 792 4684 1:

443 4730 532 4799 lmpp.
540 4730 754 4787 Valentinianus
765 4738 794 4786 et
803 4731 906 4785 Valens
917 4732 952 4786 ad
964 4732 1078 4787 Mamer·

409 4814 499 4869 tinum
518 4821 583 4885 ppo.

443 4900 507 4955 Sive
526 4919 559 4955 ex
578 4901 777 4971 principalium
799 4902 859 4956 sive
880 4921 913 4956 ex
932 4902 1078 4957 honorato·

409 5006 468 5041 rum
487 5005 600 5041 numero
617 4991 762 5057 susceptor
775 4987 893 5041 vestium
913 4989 1078 5048 nominator,

409 5073 536 5142 exceptis
555 5073 688 5127 videlicet
705 5073 757 5134 his,
776 5072 823 5140 qui
845 5072 989 5141 palatinae
1008 5073 1079 5125 mili-

409 5159 467 5214 tiae
491 5158 649 5229 privilegiis
672 5160 828 5224 fulmentas
848 5161 890 5212 vel
909 5158 958 5227 qui
980 5157 1079 5210 officiis

408 5263 442 5300 ae
461 5244 623 5299 ministeriis
641 5243 782 5315 perfuncti
807 5242 907 5299 merito
929 5241 1078 5311 stipendio

409 5352 469 5388 rum
483 5331 624 5387 consecuti
643 5335 709 5386 snut
721 5330 883 5400 dignitates,
902 5333 932 5383 et
951 5327 992 5381 vir
1009 5344 1079 5396 spec·

1459 2620 1582 2682 16,5,31:

1218 2716 1292 2771 Idem
1312 2717 1368 2772 Art.
1383 2717 1513 2774 Caesario
1531 2723 1596 2790 ppo.

1216 2803 1351 2860 ductores
1367 2804 1548 2874 doctoresque
1561 2803 1795 2859 Eunomianorum
1814 2802 1855 2858 fa·

1183 2888 1284 2943 cineris
1297 2888 1461 2960 investigati
1474 2889 1624 2958 clericique
1643 2887 1770 2954 maxirne,
1787 2907 1854 2959 quo·

1182 2993 1242 3029 rum
1256 2975 1331 3030 furor
1343 2977 1454 3030 tantum
1467 2975 1556 3031 suasit
1572 2993 1700 3038 errorem,
1718 2993 1734 3031 e
1753 2974 1854 3031 civita·

1182 3060 1260 3116 tibus
1279 3061 1423 3132 pellantur
1439 3067 1570 3118 extorres.

1216 3407 1279 3462 Dat.
1299 3406 1337 3461 XI
1362 3407 1390 3461 k.
1409 3406 1474 3462 Mai.
1494 3406 1737 3477 Constantinopoli
1769 3408 1854 3464 Arca·

1182 3492 1228 3546 dio
1248 3493 1303 3546 llll
1321 3496 1350 3547 et
1368 3491 1490 3546 Honorio
1508 3492 1548 3546 Ill
1568 3493 1625 3548 ΛΑ.
1644 3511 1731 3548 conss.

1459 3639 1580 3698 raam:

1218 3734 1294 3789 Idem
1310 3734 1367 3788 Al.
1387 3733 1555 3789 Heracliano
1573 3752 1642 3789 com.
1657 3735 1776 3791 Africae.

1217 3819 1337 3874 Oraculo
1360 3818 1474 3888 penitus
1498 3825 1616 3882 remoto,
1641 3839 1696 3889 quo
1721 3822 1758 3876 ad
1783 3823 1856 3879 ritus

1183 3923 1246 3959 suos
1264 3904 1423 3960 haereticae
1440 3905 1649 3976 superstitionis
1660 3907 1854 3978 obrepserant,

1183 3991 1274 4045 sciant
1297 4008 1391 4045 omnes
1414 3996 1529 4046 sauctae
1551 3992 1623 4063 logis
1645 3993 1754 4048 inimici
1780 3996 1856 4064 plec-

1183 4078 1281 4132 tendos
1302 4095 1331 4132 se
1350 4095 1439 4147 poena
1461 4082 1491 4132 et
1513 4078 1724 4148 prescribtionis
1743 4085 1773 4135 et
1791 4098 1853 4136 san-

1183 4163 1287 4234 guinis,
1314 4163 1338 4217 si
1364 4163 1439 4219 ultra
1464 4164 1611 4220 convenire
1634 4182 1685 4234 per
1707 4165 1854 4236 publicum

1184 4251 1337 4305 execranda
1355 4248 1467 4328 sceleris
1485 4249 1527 4303 sui
1552 4250 1713 4306 temeritate
1731 4254 1855 4323 tempta·

1185 4335 1283 4391 verint.

1219 4423 1280 4477 Dat.
1294 4422 1361 4475 Vlll
1379 4422 1406 4474 lr.
1420 4421 1496 4491 Sept.
1509 4421 1619 4477 Verane
1639 4441 1663 4478 v.
1676 4441 1698 4477 c.
1711 4441 1785 4478 cons.

1464 4635 1574 4694 12,6,4:

1219 4728 1530 4801 Impp.Valentinianua
1540 4734 1569 4784 et
1577 4732 1681 4787 Valens
1692 4732 1728 4786 ad
1739 4733 1855 4790 Mamer·

1184 4817 1273 4871 tinum
1293 4822 1357 4886 ᾧ).

1219 4902 1261 4955 lld
1275 4901 1363 4954 vinna
1382 4899 1557 4953 cumeorum
1576 4904 1769 4971 proconsulem
1784 4907 1855 4962 Afri-

1184 5005 1233 5042 cae
1245 4986 1306 5041 dari
1319 4985 1430 5039 litteras
1443 4984 1576 5051 iubemus,
1596 4992 1636 5050 ut,
1656 4988 1678 5040 si
1684 5005 1715 5043 ve
1732 5007 1767 5043 ex
1780 4990 1854 5059 prin-

1184 5072 1324 5140 cipalibus
1341 5070 1399 5125 sive
1418 5088 1451 5126 ex
1463 5072 1660 5127 honoratorum
1673 5091 1787 5129 numero
1803 5094 1855 5145 pro

1183 5156 1283 5211 merito
1306 5155 1370 5209 fidei
1395 5173 1462 5211 suae
1480 5156 1689 5225 industriaeque
1707 5167 1856 5231 susceptor

1185 5241 1304 5296 vestium
1322 5241 1429 5294 electus
1447 5242 1540 5306 fuerit,
1560 5243 1717 5297 huiusmodi
1737 5248 1854 5302 necessi·

1183 5327 1253 5381 tatis
1272 5325 1409 5380 sarcinam
1432 5344 1487 5380 uno
1510 5325 1657 5382 dumtaxat
1681 5346 1754 5384 anuo
1772 5333 1854 5388 susti-
