4517 6125
1014 580 1047 595 -
1083 546 1202 609 CXVIII
1236 579 1271 594 -

417 706 490 764 libro
508 706 652 766 difficilem
670 712 700 765 et
717 705 865 764 molestum
882 706 957 764 msls
977 707 1116 773 ordinans
1136 708 1206 764 item
1224 707 1303 763 veris
1319 707 1442 765 lectione
1464 724 1498 763 ex
1516 703 1613 764 codice
1631 704 1787 765 lastiniano
1804 722 1866 779 per-

418 813 515 867 peram
533 797 684 867 adsumpta
706 801 737 852 et
758 794 1000 865 disquisitionibus
1022 795 1060 851 sb
1082 794 1146 866 ipse
1167 793 1233 851 crisi
1254 793 1368 850 remotis
1390 794 1510 850 maxime
1532 793 1737 866 chronologicis
1759 795 1865 865 poesim

417 900 482 937 eum
503 899 628 939 onerans.
663 881 762 937 Nihilo
783 881 874 936 minus
895 881 950 936 uisi
967 881 1097 938 Hsenelii
1118 880 1258 938 industris
1279 881 1418 938 indefesse
1440 898 1511 953 opus
1532 880 1662 939 inivisset
1683 881 1765 937 libris
1787 881 1865 937 indu·

417 969 494 1039 getis
512 972 542 1024 et
559 968 738 1039 aliquetenus
751 967 829 1023 veris
846 968 968 1024 lectione
980 968 1144 1039 composita,
1162 986 1215 1041 ego
1234 972 1309 1025 certe
1326 987 1382 1023 non
1398 985 1482 1024 susus
1499 984 1587 1024 essem
1602 985 1653 1038 per
1664 968 1780 1024 dumeta
1793 968 1865 1023 haec

417 1057 454 1111 ad
472 1055 588 1111 meliora
606 1055 727 1112 tendere.
765 1055 854 1121 Quam
872 1056 908 1110 ob
925 1072 985 1110 rem
1002 1055 1026 1110 si
1044 1055 1093 1124 qui
1111 1058 1205 1122 erunt,
1229 1055 1332 1125 quibus
1354 1055 1425 1110 hsec
1448 1071 1511 1110 mee
1533 1072 1619 1125 opers
1641 1053 1821 1125 probabitur,
1843 1054 1864 1108 ii

418 1141 511 1198 scient
528 1141 680 1198 editionem
699 1146 825 1198 curetum
847 1159 907 1197 esse
929 1158 947 1195 e
970 1141 1146 1213 recognitore
1167 1145 1322 1213 eppsrstue
1341 1139 1507 1197 Hsenelieni
1527 1159 1582 1197 nou
1607 1158 1702 1206 caeco,
1725 1140 1774 1194 sed
1796 1139 1865 1196 item

417 1232 500 1301 grato
518 1227 655 1283 decessori
673 1227 707 1295 ei,
725 1225 774 1297 qui
792 1243 843 1297 per
858 1226 1026 1298 impeditum
1044 1231 1168 1284 uectum
1186 1227 1292 1298 primns
1311 1226 1385 1283 viem
1403 1226 1513 1294 stravit,
1532 1230 1562 1284 et
1579 1226 1681 1297 optimi
1700 1225 1754 1283 viri
1772 1227 1866 1283 iustae

418 1314 511 1371 leudis
528 1314 618 1385 primo
636 1331 781 1385 prseccuc.

269 1435 405 1489 VESME
506 1435 671 1491 CAROLVS
689 1434 801 1490 BAVDI
820 1436 845 1490 A
862 1434 983 1490 vesun
1002 1435 1152 1492 (luneensis
1169 1453 1301 1508 magnum
1320 1453 1390 1506 opus
1408 1433 1554 1491 inchoavit
1571 1433 1737 1505 inscriptum
1748 1435 1866 1506 ‘Corpus

416 1521 496 1576 ‘iuris
514 1520 646 1577 Romani:
664 1540 730 1592 pars
748 1520 851 1592 primu:
873 1521 917 1576 ius
934 1521 1232 1579 suteiustinianseum:
1257 1527 1349 1579 tomus
1366 1523 1515 1578 secundus:
1535 1521 1621 1577 codex
1639 1520 1866 1586 Theodosiunus'‚

419 1607 498 1663 cuius
521 1624 575 1662 nou
599 1606 706 1678 prodiit
727 1606 782 1663 nisi
799 1607 950 1664 fasciculus
973 1626 1045 1664 unus
1062 1609 1207 1680 Augustae
1226 1607 1411 1664 Taurinorum
1431 1608 1497 1664 1839
1516 1606 1665 1678 (praefatio
1689 1607 1758 1663 dats
1778 1611 1823 1663 est
1840 1607 1866 1661 V

419 1693 456 1748 id
469 1695 521 1749 lul.
534 1711 560 1749 e.
574 1694 651 1762 1841)
670 1712 718 1765 pp.
733 1694 847 1760 1-208,
865 1693 963 1749 finiens
980 1694 1084 1759 4,22,4
1103 1696 1178 1751 verb.
1190 1693 1305 1750 inds'osm
1322 1711 1425 1764 quoquc
1441 1694 1592 1749 absentium
1609 1692 1774 1763 commoda).
1810 1693 1866 1764 Ap·

421 1784 545 1850 paratus,
563 1784 597 1835 ut
614 1779 705 1836 editor
717 1779 865 1850 profitetur
876 1780 905 1834 iu
917 1780 1101 1851 praefatione,
1120 1783 1198 1836 totus
1215 1784 1343 1851 sumptus
1361 1783 1405 1837 est
1422 1798 1455 1836 cx
1474 1779 1597 1836 editione
1610 1779 1793 1844 Haenelisna,
1812 1778 1866 1834 uisi

419 1866 494 1935 quod
511 1866 573 1936 ipsc
591 1866 714 1922 excussit
730 1865 817 1922 libros
836 1868 905 1922 duos
917 1867 1131 1924 Ambrosianum
1150 1867 1234 1922 0276
1247 1866 1297 1922 inf.
1316 1869 1355 1938 (p.
1368 1866 1454 1937 XCV)
1472 1868 1501 1923 et
1515 1865 1714 1922 'I'surinensem
1734 1867 1757 1921 1.
1770 1865 1818 1921 IV.
1831 1866 1866 1920 27

419 1955 458 2022 (p.
475 1952 556 2021 0111).

420 2147 544 2198 librorum
556 2144 607 2196 BG
619 2146 705 2212 glosss
714 2146 842 2213 prunido,
860 2147 929 2198 unde
941 2147 985 2198 ills
997 2146 1066 2198 dedit
1077 2146 1131 2197 iam
1141 2145 1264 2212 mossela,
1282 2145 1325 2196 hic
1336 2146 1365 2196 in
1373 2153 1498 2212 prompto
1508 2146 1555 2211 Gi,
1572 2145 1625 2195 iam
1634 2153 1756 2212 prompta
1767 2143 1820 2196 θ’.
1832 2171 1866 2180 -

420 2217 479 2268 Alio
496 2216 553 2266 loco
565 2213 651 2280 2,4‚4
669 2217 749 2267 verba
765 2232 809 2266 scu
826 2215 907 2267 edicto
925 2233 969 2267 seu
987 2217 1073 2267 ourisit
1090 2224 1178 2283 utpote
1193 2213 1331 2282 ‘glossema
1348 2216 1498 2266 auctoribus
1516 2215 1589 2266 libris
1601 2211 1625 2265 8.
1640 2212 1679 2265 12.
1693 2212 1733 2265 14.
1748 2211 1796 2265 ll’.
1832 2215 1868 2265 At

420 2286 515 2336 codicis
533 2283 558 2348 8,
576 2284 688 2336 nobisL
706 2285 828 2336 librarius
846 2300 878 2336 ss
896 2286 981 2336 omisit
998 2285 1026 2335 iu
1044 2287 1126 2351 spatio
1144 2301 1227 2336 vscuo
1247 2284 1283 2347 (id
1301 2285 1369 2350 quod
1387 2285 1456 2350 apud
1473 2283 1630 2336 Hsenelium
1648 2300 1700 2334 non
1716 2281 1865 2345 sdrrotatur)

420 2362 508 2420 utpote
520 2355 570 2405 sibi
583 2355 734 2421 Improbum,
747 2355 847 2404 codices
856 2355 1050 2405 Aurelianensis
1060 2353 1103 2418 (=
1112 2353 1161 2418 12),
1175 2354 1427 2420 Moutispessulenus
1438 2352 1472 2404 84
1484 2352 1586 2418 (=14).
1597 2353 1785 2404 Ottcbcnisnns
1796 2348 1868 2402 Μὴ

419 2422 516 2487 (=17)
532 2423 646 2474 eiusdem
665 2424 761 2474 ordinis
778 2424 934 2491 exemplaris
951 2432 1012 2475 sunt
1030 2423 1154 2474 codicsL
1170 2424 1248 2474 etism
1266 2424 1400 2485 deteriore,
1419 2439 1503 2488 neque
1519 2421 1573 2473 ullo
1590 2422 1665 2473 modo
1682 2423 1710 2473 in
1727 2421 1866 2474 dubitatio-

420 2508 479 2543 nem
498 2492 585 2542 vocsri
608 2492 669 2543 licet
685 2493 766 2543 verbs
782 2493 829 2544 ills
852 2493 886 2544 ad
909 2509 963 2544 rem
981 2493 1139 2544 iudiciariam
1157 2492 1337 2558 explicandam
1361 2494 1482 2543 momenti
1507 2508 1558 2542 non
1580 2491 1677 2559 exigui.
1695 2519 1729 2528 -
1747 2491 1867 2554 Denique

420 2559 558 2624 2‚33,4‚4
575 2562 607 2612 sd
621 2578 728 2626 poscere
745 2563 771 2612 in
789 2570 888 2612 textum
906 2571 1036 2628 receptum
1054 2560 1162 2613 adnotet
1174 2561 1285 2612 Hsenel:
1303 2558 1337 2612 ί6.
1350 2558 1375 2612 7.
1387 2562 1412 2612 e.
1427 2559 1466 2612 10.
1481 2560 1521 2612 14.
1536 2557 1644 2611 15-20.
1657 2557 1691 2611 38
1703 2560 1753 2612 Til.
1760 2556 1867 2624 μιαί.

420 2631 486 2680 l'ers
505 2630 563 2680 libri
581 2632 670 2697 scripti
688 2648 777 2682 omnes
795 2632 843 2682 hoo
862 2632 917 2682 loco
936 2632 1032 2682 habeut
1046 2639 1134 2695 petere
1151 2641 1334 2694 enumeratque
1353 2647 1420 2689 snos,
1439 2630 1602 2696 quiquidem
1620 2629 1687 2680 hanc
1705 2630 1866 2680 comtitutio·

421 2715 479 2749 nsm
494 2699 616 2763 habeant,
634 2716 723 2750 omnes
741 2700 845 2760 (omisso
868 2700 923 2750 solo
941 2698 958 2749 8
974 2720 1007 2741 =
1024 2701 1057 2762 L)
1080 2699 1200 2766 religiose
1218 2699 1372 2760 Hsenelius;
1397 2699 1441 2749 sed
1464 2699 1599 2750 lectionem
1617 2706 1746 2764 receptam
1760 2713 1867 2762 poscere

422 2769 449 2818 iu
467 2768 539 2818 nullo
557 2770 652 2835 scripto
670 2769 736 2820 libro
754 2770 858 2835 reperiri
876 2771 926 2820 nisi
944 2770 1003 2820 deta
1019 2786 1097 2835 opem
1114 2770 1159 2833 qui
1178 2770 1334 2834 inquiritur
1353 2769 1517 2819 sdnouIIone
1535 2769 1579 2818 illa
1598 2783 1648 2817 non
1667 2768 1810 2833 perspiciet
