4517 6125
945 610 978 618 —
1014 577 1098 633 CXLI
1134 609 1168 619 -

404 749 458 788 non
477 731 568 787 solnm
585 733 761 802 receperunt,
780 733 829 787 sed
846 733 933 788 etiam
950 752 999 788 suo
1017 734 1079 790 loco
1098 753 1172 800 eam,
1192 740 1302 791 mutata
1320 741 1469 807 propterea
1487 738 1560 808 legis
1578 740 1719 808 sequentis
1737 740 1777 795 in·

403 817 555 889 scriptione
567 820 597 873 et
606 815 704 872 addita
717 815 792 871 iusta
804 818 985 888 expositione,
999 820 1040 873 ita
1050 820 1158 890 corpori
1171 820 1353 886 inseruerunt,
1367 827 1399 877 ut
1411 841 1460 893 pro
1470 823 1598 895 legitima
1607 827 1777 895 procederet.

420 1062 558 1119 Breviarii
577 1064 665 1117 forma
678 1061 830 1132 primitiva,
850 1061 928 1117 ouius
942 1062 1062 1133 vestigia
1080 1062 1205 1117 servavit
1223 1064 1298 1117 solus
1317 1065 1373 1119 fere
1393 1064 1477 1120 codex
1496 1066 1525 1129 0,
1544 1070 1653 1124 mature
1667 1067 1778 1123 videtur

328 1152 499 1208 oblitterata
520 1169 579 1206 asse
603 1147 757 1218 exemplari
779 1148 909 1204 adhibito
928 1149 1114 1204 Theodosium
1139 1149 1250 1220 integri.
1287 1150 1427 1206 Successit
1449 1153 1538 1206 tonna
1556 1172 1602 1219 ea,
1626 1173 1710 1223 quam
1732 1172 1777 1210 ex-

329 1239 432 1295 hibent
454 1235 564 1292 codices
587 1234 674 1290 nostri
699 1234 813 1289 secundi
832 1235 935 1290 ordinis
960 1236 1060 1306 optimi
1078 1236 1195 1305 quique,
1218 1255 1334 1306 quorum
1356 1239 1541 1309 archetypum
1564 1240 1682 1296 haberet
1705 1242 1778 1296 bona

329 1324 426 1382 omnia
444 1342 517 1394 qnae
540 1327 686 1379 servarunt
709 1321 818 1378 codices
839 1326 891 1377 aut
905 1323 959 1376 XO
974 1326 1025 1377 aut
1042 1323 1065 1377 S
1083 1326 1112 1378 ot
1135 1328 1283 1394 praeterea
1306 1323 1461 1395 singularia
1479 1325 1616 1392 quaedam
1640 1326 1669 1380 in
1694 1327 1778 1382 huius

328 1409 456 1466 familiae
473 1408 590 1478 reliquis
608 1407 744 1478 dispersa,
768 1411 800 1462 ιιι
818 1409 847 1462 in
870 1408 1070 1466 constitutione
1087 1411 1111 1476 9,
1122 1412 1191 1474 45,4
1209 1428 1281 1479 quae
1300 1410 1388 1466 habet
1401 1411 1431 1479 Q.
1468 1410 1521 1466 Sed
1539 1413 1637 1468 eadem
1660 1414 1697 1468 ab
1715 1414 1778 1484 ipsa

328 1496 439 1568 origine
456 1494 565 1552 mendis
583 1494 738 1550 abundavit
756 1498 785 1549 et
803 1513 866 1551 mor
884 1495 970 1551 etiam
988 1495 1079 1566 magis
1097 1514 1115 1551 a
1132 1495 1255 1551 librariis
1274 1502 1406 1567 corrupta
1424 1500 1468 1552 est
1486 1500 1515 1551 et
1533 1497 1714 1567 interpolata.

416 1582 524 1638 Deinde
543 1579 752 1635 Theodosianus
771 1580 948 1636 Alaricianue
972 1581 1057 1636 semel
1082 1584 1169 1647 certe,
1195 1584 1313 1638 fortasse
1338 1582 1450 1653 saepius
1473 1586 1644 1639 retractatus
1666 1589 1710 1641 est
1732 1587 1778 1640 ad·

328 1668 432 1726 bibitis
451 1668 542 1725 denuo
566 1667 773 1738 exemplaribus
796 1665 981 1722 Theodosiani
1005 1667 1109 1739 integri
1135 1671 1165 1723 et
1189 1669 1231 1723 ita
1254 1688 1288 1724 ea
1312 1669 1402 1724 forma
1424 1670 1536 1734 effecta,
1560 1688 1644 1740 quarn
1668 1670 1696 1725 in
1719 1671 1779 1726 uni·

328 1773 440 1812 versum
462 1753 529 1810 libri
552 1752 657 1808 ordinis
681 1752 768 1808 nostri
790 1751 914 1809 melioris
937 1757 1157 1824 repraesentant.
1194 1754 1282 1818 Quale
1304 1756 1463 1828 exemplum
1487 1756 1592 1812 ordinis
1617 1756 1778 1813 vetustioris

328 1842 481 1913 prudentes
496 1839 528 1896 hi
540 1839 729 1902 adhibuerint,
748 1840 894 1910 ignoratur
906 1843 1054 1910 potestque
1073 1840 1103 1895 id
1121 1839 1156 1895 iis
1169 1859 1240 1910 quac
1253 1843 1388 1898 habemus
1400 1841 1576 1913 praestitisse
1595 1845 1625 1898 et
1643 1844 1777 1898 bonorum

328 1947 434 1996 eornm,
452 1947 525 1997 quae
542 1928 631 1983 habet
648 1928 715 1983 ordo
733 1925 839 1991 melior,
857 1944 922 1996 pars
940 1925 1005 1982 inde
1024 1926 1171 1996 proficisci.
1206 1927 1396 1984 Nihilominus
1414 1930 1448 1984 de
1466 1928 1511 1983 his
1529 1929 1779 1985 retractationibus

329 2015 464 2072 medani
487 2014 625 2071 adhibitis
647 2012 751 2084 integri
769 2011 891 2082 corporis
908 2012 1115 2082 exemplaribus
1133 2012 1258 2068 dubitari
1281 2032 1335 2069 non
1358 2017 1453 2084 potest
1470 2015 1590 2071 maxime
1611 2019 1727 2086 propter
1745 2033 1779 2070 ea

329 2119 405 2172 quae
417 2119 503 2173 snpra
515 2099 711 2157 adnotavimus
725 2099 760 2154 de
772 2097 1003 2169 inscriptionibus
1014 2099 1246 2156 constitutionum
1260 2104 1289 2154 et
1301 2101 1335 2154 de
1348 2100 1597 2157 constitutionibus
1608 2100 1778 2165 adiecticiis;

328 2189 483 2259 prudentes
501 2205 519 2243 a
537 2186 640 2258 quibus
657 2186 728 2241 haec
745 2184 872 2255 protecta
890 2189 956 2239 sunt
973 2184 1032 2239 fieri
1049 2202 1104 2240 non
1122 2185 1225 2257 potuit,
1244 2185 1312 2255 quin
1330 2186 1417 2242 etiam
1435 2188 1529 2258 legum
1549 2188 1634 2243 verba
1651 2187 1698 2243 hic
1716 2187 1777 2241 illio

329 2275 488 2330 conferrent
505 2291 595 2341 eaque
613 2276 664 2328 aut
682 2271 862 2326 emendarent
879 2275 930 2326 aut
948 2275 1023 2327 certe
1040 2272 1215 2327 adnotarent
1248 2272 1293 2327 Ita
1310 2272 1411 2328 effecta
1428 2278 1472 2330 eat
1489 2291 1544 2329 non
1558 2273 1682 2329 recensio
1694 2290 1775 2337 nova,

328 2361 378 2416 sed
395 2359 515 2429 antiqua
531 2358 648 2414 subinde
667 2357 824 2413 immutata
855 2357 941 2412 Pleno
959 2361 992 2413 nt
1008 2357 1220 2429 distinguantur
1231 2360 1337 2415 formae
1349 2359 1483 2424 diversae,
1502 2359 1598 2430 perfici
1614 2378 1668 2415 non
1681 2361 1777 2430 potest

329 2465 420 2517 nsque
437 2446 530 2501 altera
545 2449 610 2500 utra
627 2444 665 2499 ad
683 2448 773 2500 certos
792 2442 901 2499 codices
918 2444 1058 2508 revocari;
1076 2445 1166 2500 mixta
1184 2446 1333 2501 traduntur
1351 2445 1452 2501 omnia
1489 2447 1557 2501 lnde
1575 2446 1605 2500 iu
1624 2446 1704 2502 libris
1721 2464 1776 2502 non

329 2533 429 2604 paucis
446 2531 659 2602 dittographiae
682 2529 787 2600 passim
810 2529 1000 2599 reperiuntur;
1024 2533 1172 2600 praeterea
1194 2531 1234 2585 ibi
1253 2550 1376 2601 quoque,
1399 2531 1449 2587 ubi
1472 2533 1507 2588 de
1529 2531 1566 2587 iis
1587 2551 1642 2588 non
1665 2536 1777 2588 constat

329 2637 380 2689 per
395 2617 538 2682 librarios,
562 2616 675 2672 collatis
697 2614 841 2671 codicibus
864 2614 991 2686 pluribus
1014 2614 1096 2671 binae
1119 2615 1255 2671 lectiones
1277 2616 1434 2686 antiquitus
1452 2618 1575 2674 traditae
1592 2616 1689 2673 multis
1706 2617 1776 2673 locis

329 2709 526 2775 agnoscuntur.
561 2700 688 2771 Denique
706 2700 903 2757 adnotationes
925 2701 1125 2772 temporariae,
1149 2701 1183 2757 de
1201 2701 1303 2770 quibus
1323 2721 1407 2772 supra
1425 2720 1452 2773 p.
1465 2703 1571 2758 XXXV
1588 2702 1721 2766 diximus,
1746 2701 1776 2756 in

329 2792 383 2847 boc
400 2791 496 2847 ordine
513 2792 571 2846 fere
588 2787 769 2844 inveniuntur
786 2788 923 2842 sublatae.

414 2875 534 2931 Omnino
546 2875 575 2930 in
588 2875 843 2938 constitutionibus,
861 2891 934 2943 quae
947 2891 965 2927 a
978 2871 1122 2927 Breviorio
1136 2873 1197 2928 solo
1216 2874 1347 2943 pendent,
1366 2874 1420 2930 etsi
1438 2893 1493 2931 non
1513 2879 1589 2931 recte
1609 2879 1775 2945 spernentur

330 2963 465 3019 librorum
483 2962 720 3034 praestantiorum
743 2959 879 3015 lectiones
902 2958 990 3015 etiam
1012 2957 1181 3028 singulares,
1206 2959 1383 3029 potissimum
1406 2960 1597 3031 respiciendae
1619 2965 1685 3016 sunt
1702 2977 1775 3031 quae

330 3053 395 3105 sunt
416 3049 533 3106 duorum
556 3048 683 3105 ordinum
704 3066 756 3103 nec
780 3050 931 3118 propterea
954 3046 988 3102 de
1006 3045 1152 3101 ordinibus
1169 3045 1240 3117 ipsis
1258 3046 1454 3112 dubitandum,
1479 3049 1553 3118 quod
1575 3066 1775 3119 saepenumero

331 3134 487 3192 admittunt
503 3135 592 3192 libros
603 3135 667 3205 plus
680 3133 770 3188 minus
782 3131 901 3196 alienos;
920 3151 985 3187 nam
998 3130 1201 3187 contaminatio
1213 3132 1409 3202 antiquissima
1421 3137 1450 3188 et
1462 3134 1521 3191 late
1533 3137 1635 3204 patens
1646 3133 1775 3188 ordinum

331 3222 397 3279 lines
413 3221 520 3293 passim
537 3220 722 3292 perturbavit.
759 3220 804 3274 Ita
824 3219 896 3274 duae
919 3217 1054 3274 lectiones
1076 3218 1125 3272 nbi
1148 3218 1406 3288 deprehenduntur,
1430 3220 1519 3274 maior
1542 3220 1697 3277 auctoritas
1720 3219 1775 3275 erit

331 3308 398 3373 eins,
417 3326 503 3378 quarn
520 3311 619 3364 tenent
635 3306 702 3362 libri
721 3324 738 3360 a
754 3305 834 3360 nobis
851 3304 979 3361 meliores
992 3304 1161 3375 nuncupati;
1180 3305 1228 3359 sed
1246 3309 1341 3375 potest
1353 3324 1447 3360 verum
1459 3306 1545 3362 etiam
1560 3311 1701 3363 servatum
1715 3325 1774 3362 esse

331 3414 380 3466 per
397 3394 557 3451 deteriora.
592 3395 664 3449 Sane
682 3411 736 3448 non
755 3391 840 3463 pauci
856 3391 912 3447 looi
929 3391 973 3447 ita
990 3392 1175 3447 remanebunt
1192 3392 1331 3463 ambigui,
1350 3396 1382 3447 ιιι
1399 3392 1521 3463 exempli
1538 3412 1624 3449 cansa
1642 3394 1671 3449 in
1689 3394 1773 3450 inter·

331 3479 498 3550 pretationis
516 3481 578 3536 loco
596 3481 620 3544 3,
632 3482 673 3544 12,
683 3480 707 3545 2,
714 3478 746 3532 ¹3
764 3478 848 3534 aliter
862 3480 953 3534 relato
971 3477 1000 3532 in
1014 3478 1077 3542 ΝΕ,
1096 3479 1180 3533 aliter
1192 3479 1220 3532 in
1233 3479 1386 3534 ROPMSL
1403 3482 1467 3533 utra
1485 3480 1573 3533 forma
1590 3479 1711 3548 antiqua
1727 3481 1773 3544 sit,

330 3585 379 3638 per
397 3567 509 3623 codices
525 3585 580 3623 non
598 3566 737 3623 definitur.
773 3564 898 3634 Denique
916 3565 970 3620 hoc
988 3583 1099 3634 quoque
1117 3564 1147 3619 in
1166 3564 1304 3620 breviario
1322 3569 1417 3635 potest
1435 3564 1567 3630 evenisse,
1590 3570 1622 3621 ut
1639 3566 1775 3623 lectiones

330 3654 401 3709 duae
420 3653 548 3709 diversae
566 3653 682 3709 redeant
705 3654 740 3707 ad
759 3653 862 3725 integri
881 3653 1068 3709 Theodosiani
1086 3654 1259 3724 exemplaria
1276 3652 1474 3724 discrepantia.
1509 3654 1548 3708 At
1569 3654 1597 3708 in
1616 3654 1774 3710 universum

329 3739 464 3797 breviarii
481 3744 576 3796 textus
593 3738 675 3802 talis,
693 3739 786 3808 qualis
803 3740 833 3796 in
850 3739 1006 3811 archetypo
1024 3739 1090 3804 ruit,
1109 3739 1139 3794 in
1159 3740 1302 3795 codicibus
1319 3739 1421 3795 nostris
1439 3739 1577 3810 reperitur
1595 3744 1670 3796 recte
1689 3740 1775 3795 tradi·

330 3829 387 3889 tus;
410 3825 609 3896 inscriptiones
626 3843 737 3895 quoque
756 3825 988 3880 constitutionum
1007 3826 1142 3896 ipsaeque
1161 3826 1381 3896 subscriptiones
1404 3825 1434 3879 in
1457 3825 1492 3879 iis
1511 3825 1591 3880 libris
1609 3826 1709 3896 plenae
1728 3826 1774 3880 ad-

330 3916 394 3968 sunt
413 3916 443 3968 et
459 3912 646 3984 incorruptae,
665 3917 695 3967 et
712 3915 859 3983 praestant
878 3913 930 3967 hoc
949 3912 1061 3968 nomine
1079 3911 1212 3968 breviarii
1225 3911 1379 3968 Alarioiani
1397 3912 1462 3968 libri
1481 3913 1564 3983 longe
1581 3912 1625 3976 iis,
1644 3928 1694 3981 per
1705 3929 1774 3980 qnos

330 3998 467 4056 traditum
485 3998 620 4055 habemus
639 3998 762 4054 codicem
780 3997 975 4054 lastinianum.
