4517 6125
929 609 962 620 -
997 576 1129 634 CCCLIII
1164 603 1199 615 -

343 733 443 789 simum
461 735 498 789 ad
517 735 630 791 ltaliam
648 735 789 791 ducendus
807 738 857 798 est,
876 737 909 790 ut
926 735 1112 790 Mcmmaeuua
1130 730 1282 796 contendit,
1300 730 1349 800 qni
1367 731 1428 802 ipae
1447 732 1570 789 codicem
1587 731 1790 804 recognovit¹)

343 823 382 878 Δι
399 821 551 879 Haenelins
572 821 705 893 opinatur
722 821 834 878 litteras
851 821 935 876 huius
957 819 1060 876 codicis
1078 837 1133 874 non
1150 819 1269 875 multum
1288 819 1325 874 ab
1343 836 1378 874 ca
1395 819 1553 876 litterarum
1571 819 1664 890 specie
1681 817 1783 874 discre-

343 926 422 978 pare,
445 927 530 978 quam
550 908 657 965 saeculi
680 908 838 965 duodecimi
857 909 967 964 codices
990 908 1019 962 in
1038 906 1167 977 partibus
1185 905 1296 961 Calliae
1313 905 1413 975 scripti
1434 923 1502 976 prae
1525 924 1554 962 se
1572 908 1665 964 terunt
1686 905 1784 975 itaque

343 995 449 1050 Clossio
465 996 585 1062 resistit,
607 1015 671 1052 cum
688 996 856 1068 scripturam
874 994 1114 1068 Langobardicam
1132 1012 1192 1051 csse
1210 995 1318 1064 dicat.)
1355 996 1568 1052 Decurtatorum
1586 994 1784 1052 'laminensem

342 1100 364 1136 s.
376 1082 442 1137 XIV
460 1083 577 1156 originis
594 1084 713 1141 Italicae
735 1083 810 1140 infra
831 1082 1115 1139 commemorabimus
1151 1081 1375 1153 Epitcmatorum
1392 1081 1576 1154 Aegidinnam
1598 1083 1785 1153 complecten-

342 1167 415 1224 tium
426 1169 610 1241 Sanpauliani
628 1190 649 1226 a
662 1171 701 1225 IX
720 1170 843 1226 ineuntis
861 1172 890 1224 et
904 1168 1080 1225 Ambrosiani
1091 1169 1115 1224 A
1128 1170 1162 1223 46
1174 1168 1224 1223 inf.
1237 1169 1347 1224 saecX
1365 1168 1534 1225 mentionem
1552 1169 1677 1225 tacimus.
1707 1168 1786 1225 Prior

342 1255 417 1312 intra
435 1275 521 1313 annos
538 1258 589 1312 817
607 1261 638 1314 et
654 1258 707 1313 829
724 1259 855 1314 exaratus
872 1274 907 1313 ex
919 1255 1005 1312 ltalia
1024 1254 1162 1326 proficisci
1179 1255 1291 1312 videtur
1298 1258 1327 1324 ¹),
1346 1274 1409 1311 cum
1425 1255 1505 1311 varia
1522 1255 1694 1326 capitularia
1710 1273 1785 1312 mere

343 1343 445 1399 Italica
463 1348 493 1399 et
510 1345 649 1413 quaedam
666 1343 741 1415 regis
759 1343 1005 1415 Langobardorum
1024 1340 1191 1413 Liutprandi
1209 1358 1243 1396 ex
1261 1359 1333 1397 anuo
1351 1343 1402 1397 733
1418 1342 1552 1412 habeat‘)
1572 1345 1601 1399 et
1618 1345 1652 1397 ιιι
1669 1343 1786 1399 Patetta

341 1428 360 1483 1.
373 1448 397 1484 c.
415 1431 447 1484 31
466 1429 634 1497 illustravit,
659 1430 690 1484 in
713 1430 768 1485 hoc
789 1430 884 1485 codice
906 1429 1019 1485 nomina
1036 1427 1400 1499 idiomata'Langobardicc
1425 1447 1555 1500 expressa
1572 1429 1785 1498 inveniantur.)

343 1515 437 1571 Etiam
449 1517 522 1572 alter
534 1517 621 1573 codex
639 1516 669 1570 in
681 1516 767 1572 Italia
784 1515 906 1586 scriptus
923 1519 967 1572 est
973 1518 1002 1584 ⁸),
1020 1515 1069 1571 sed
1086 1519 1180 1571 utrum
1194 1514 1324 1571 collectio
1342 1515 1432 1572 eidem
1449 1515 1564 1581 inserta,
1582 1533 1655 1585 quae
1667 1516 1785 1587 quadra

341 1601 422 1673 ginta
439 1606 546 1675 septem
564 1602 706 1672 epitomae
724 1601 898 1672 Aegidianae
917 1602 1015 1674 capita
1032 1619 1090 1657 una
1107 1620 1171 1657 cum
1190 1600 1329 1673 excerptis
1346 1619 1380 1658 ex
1397 1601 1479 1658 libris
1496 1602 1696 1660 ecclesiasticis
1713 1621 1785 1659 com-

341 1688 483 1758 plectitur,
507 1689 538 1744 in
557 1688 643 1745 Italia
664 1688 743 1745 facta
764 1706 802 1744 an
824 1706 842 1744 a
859 1688 995 1760 scriptore
1017 1706 1051 1745 ex
1069 1688 1165 1745 codice
1183 1688 1306 1758 quodam
1323 1691 1418 1744 extero
1440 1691 1553 1744 tantum
1575 1688 1718 1760 descripta
1737 1688 1785 1756 sit,

341 1776 464 1831 nondum
486 1780 615 1848 apertum
638 1780 689 1831 est.
725 1775 875 1832 Praeterea
890 1776 976 1832 ‘liber
994 1776 1028 1832 de
1046 1773 1294 1832 constitutionibus
1313 1775 1473 1846 principum
1495 1779 1525 1832 et
1546 1776 1648 1832 edictis
1665 1776 1784 1847 impera

341 1862 443 1918 torum'
453 1862 587 1918 Everardi
606 1862 717 1918 comitis
735 1863 933 1919 Foroiuliensis
944 1862 1120 1919 Breviarium
1137 1863 1223 1918 fuisse
1241 1861 1360 1930 videtur,
1379 1863 1453 1932 quod
1471 1861 1595 1918 Cothani
1612 1863 1785 1933 archetypus

340 1948 403 2004 fuit
433 1949 532 2018 Neque
550 1948 659 2004 mireris
676 1946 854 2014 Everardum,
873 1967 936 2004 cum
954 1948 1074 2004 illustris
1091 1948 1167 2019 regis
1184 1947 1354 2003 Franccmm
1371 1946 1501 2004 officialis
1522 1949 1664 2013 fueritin
1681 1966 1785 2021 magna

340 2050 391 2087 aua
409 2033 585 2089 bibliotheca
601 2036 715 2105 praeter
733 2035 809 2106 leges
827 2033 974 2089 nationum
991 2033 1220 2090 Germanicarum
1238 2034 1326 2090 etiam
1344 2034 1453 2090 codices
1464 2033 1603 2091 Breviarii
1622 2035 1785 2105 possedisse,

340 2137 458 2188 quorum
475 2137 569 2186 unum,
587 2138 670 2191 quem
687 2138 772 2191 supra
790 2120 1075 2187 commemoravimus,
1096 2120 1154 2176 filio
1172 2138 1222 2176 suo
1240 2119 1378 2187 Umccho,
1396 2121 1518 2177 alterum
1534 2121 1651 2176 ‘librum
1668 2120 1786 2176 Anieni’

340 2207 480 2263 Adelardo
499 2207 641 2278 legavit.⁷)
676 2205 730 2263 Sed
752 2206 787 2263 de
805 2207 914 2278 origine
932 2207 1031 2262 horum
1049 2207 1185 2263 librorum
1202 2224 1352 2276 eorumque
1370 2207 1399 2262 in
1417 2207 1530 2263 iudiciis
1547 2206 1785 2263 Foroiuliensibus

341 2311 392 2348 usu
416 2293 489 2348 nihil
514 2296 635 2348 constat
673 2292 802 2362 Denique
824 2292 941 2349 Patetta
967 2293 1091 2350 codicem
1112 2293 1157 2349 ‘de
1179 2293 1320 2348 institutis
1344 2292 1524 2363 antiquorum
1545 2293 1652 2365 regum’
1674 2293 1785 2362 antiqui

341 2379 466 2478 catalogi
483 2379 648 2435 monasterii
668 2379 812 2436 Bobiensis
830 2379 1009 2435 Breviarinm
1026 2379 1112 2435 fuisse
1135 2382 1232 2450 putat,
1250 2397 1314 2435 cum
1331 2379 1361 2434 in
1379 2396 1440 2435 can.
1453 2380 1487 2435 73
1504 2380 1618 2436 concilii
1636 2379 1786 2436 Meldensis

341 2466 424 2537 primi
443 2467 513 2537 [845]
534 2466 706 2522 Breviarium
722 2467 912 2535 ‘antiquorum
929 2483 1026 2537 regum
1043 2469 1074 2522 et
1090 2466 1212 2538 legum'
1203 2465 1273 2521 iura’
1293 2465 1462 2536 appelletur.
1466 2469 1487 2535 ⁸)

427 2571 459 2623 ln
477 2570 618 2625 nonnullis
637 2571 843 2668 capitularibus
859 2570 969 2626 Italicis
982 2570 1120 2626 Breviarii
1137 2588 1203 2625 usus
1214 2569 1330 2640 qnidam
1341 2573 1469 2641 apparet.
1499 2569 1531 2624 In
1550 2570 1645 2626 codice
1657 2569 1785 2625 Parisino
1812 2567 1978 2635 Capitulum

340 2657 409 2711 4613
426 2657 578 2727 capitulari
597 2675 664 2712 anm
655 2656 727 2712 789
744 2657 799 2712 duo
815 2658 974 2728 fragmenta
991 2657 1141 2722 adduntur,
1158 2674 1239 2726 quae,
1258 2656 1430 2712 utBoretius
1448 2656 1499 2722 ait,
1517 2674 1561 2713 res
1578 2656 1785 2712 ecclesiasticas
1842 2639 1946 2691 Mim-

341 2743 558 2799 ordinantium
584 2743 644 2799 iura
665 2743 791 2799 Romano
813 2743 949 2799 nituntur
952 2746 975 2814 ⁶)
1016 2742 1140 2806 Quorum
1160 2761 1246 2799 unum
1268 2743 1386 2798 formam
1408 2743 1572 2799 testamenti
1593 2743 1718 2813 quinque
1739 2744 1784 2799 vel

340 2834 449 2900 septem
472 2830 593 2886 testibus
618 2830 711 2886 ornati
733 2830 879 2886 continens
902 2848 965 2886 cum
987 2830 1100 2885 novella
1118 2829 1314 2886 Valentiniani
1338 2829 1394 2902 [Br.
1409 2830 1479 2885 Nov.
1492 2828 1556 2885 Vel.
1572 2829 1621 2896 lv,
1634 2832 1658 2895 1,
1671 2829 1697 2900 4]
1719 2846 1783 2884 con·

341 2915 484 2970 ferendum
501 2919 557 2981 est,
582 2916 703 2973 alterum
721 2934 798 2981 vero,
823 2916 926 2986 inquo
948 2917 983 2972 de
1007 2917 1139 2972 thesauro
1162 2916 1277 2973 invento
1299 2915 1407 2987 agitur,
1432 2917 1466 2972 ut
1482 2915 1599 2972 Patetta
1621 2914 1704 2981 dicit,
1729 2916 1784 2971 iuri

341 3002 534 3058 Theodosiauo
555 3004 643 3060 etiam
665 3004 694 3058 in
712 3002 1123 3074 Breviariumlssr.'l'h.ll,10,
1139 3003 1163 3075 1]
1182 3006 1296 3075 recepto
1313 3002 1430 3074 propius
1447 3018 1532 3072 quam
1550 3001 1706 3057 iustiniano
1724 3018 1784 3057 esse

341 3089 496 3159 videtur.¹‘)
532 3090 563 3145 ln
582 3092 655 3147 libro
674 3091 806 3162 Papiensi
824 3091 901 3146 Hlot.
920 3110 943 3146 c.
955 3092 990 3145 82
1007 3091 1134 3147 invenies
1152 3091 1311 3162 capitulare
1328 3090 1430 3147 incerti
1447 3090 1583 3157 auctoris,
1607 3089 1686 3146 cuius
1704 3093 1785 3145 tenor

341 3194 404 3230 cum
421 3177 656 3247 interpretatione
674 3178 746 3249 legis
757 3177 900 3233 Romanae
912 3177 1126 3248 visigothorum
1141 3177 1195 3248 [Br.
1209 3177 1261 3232 Th.
1273 3177 1294 3242 I,
1308 3178 1332 3245 1,
1345 3177 1369 3247 1]
1389 3177 1595 3248 componendus
1612 3179 1700 3242 essu)
1731 3176 1783 3232 Cui

340 3261 469 3316 addimus
486 3263 541 3318 duo
560 3263 689 3333 capitula
707 3266 787 3319 extra
804 3263 909 3318 librum
921 3262 1087 3333 Papiensem
1106 3262 1242 3334 vagantia
1260 3262 1309 3319 sed
1325 3263 1498 3334 apocrypha,
1516 3280 1589 3333 quae
1607 3281 1641 3320 er
1659 3263 1784 3334 epitoma

340 3348 453 3419 Aegidii
471 3352 585 3419 sumpta
602 3352 680 3414 sunt,
703 3366 821 3417 quorum
838 3366 925 3402 unum
942 3347 973 3402 in
990 3347 1157 3403 collectione
1169 3346 1353 3402 Walcausina
1370 3347 1418 3418 [M.
1431 3348 1463 3404 G.
1477 3348 1569 3419 Capit.
1588 3350 1608 3415 I,
1621 3350 1680 3403 220.
1697 3350 1732 3403 22
1750 3371 1783 3395 =

339 3435 385 3489 Br.
398 3435 451 3490 Th.
463 3435 496 3499 V,
511 3435 552 3505 12]
576 3436 646 3491 false
669 3434 769 3489 Carolo
792 3434 896 3505 Magno
924 3433 1072 3498 tribuitur,
1099 3435 1221 3489 alterum
1244 3433 1291 3504 [M.
1304 3433 1336 3489 G.
1355 3434 1374 3489 l.
1392 3452 1415 3489 c.
1432 3434 1453 3498 I,
1466 3435 1525 3488 219.
1541 3435 1574 3488 18
1591 3456 1624 3480 =
1642 3434 1687 3488 Br.
1703 3433 1781 3490 Paul.

340 3520 375 3584 Il,
387 3523 411 3586 2,
426 3521 451 3591 1]
470 3522 499 3575 in
518 3521 614 3577 codice
627 3521 790 3577 Florentino
802 3520 1008 3576 Laurentianus
1020 3520 1094 3575 Prot.
1108 3519 1291 3574 LXXXVIlll
1310 3538 1370 3591 sup.
1383 3520 1417 3575 86
1436 3520 1465 3575 in
1483 3520 1537 3576 fine
1554 3520 1674 3576 aliorum
1687 3521 1784 3577 Xaroli

338 3606 436 3680 Magni
460 3608 661 3679 capitularium
683 3608 801 3680 legitur,
824 3624 898 3677 quae
916 3606 1053 3662 Conratus
1075 3607 1111 3662 ab
1134 3606 1204 3677 ipsis
1225 3606 1410 3677 scriptoribus
1435 3608 1563 3663 confecta
1586 3623 1646 3662 esse
1668 3606 1784 3676 dicit.¹²)

340 3693 464 3764 Uterque
482 3695 568 3750 codex
586 3696 697 3750 saeculo
715 3694 861 3751 undecimo
881 3693 1057 3765 inpartibus
1075 3693 1179 3750 ltaliae
1198 3693 1321 3764 scriptus
1338 3696 1389 3749 est.

426 3799 457 3852 In
480 3798 565 3853 variis
588 3798 802 3855 collectionibus
824 3799 939 3864 ltaliae,
964 3816 1037 3867 quae
1060 3816 1115 3853 non
1138 3797 1257 3869 speciali
1282 3797 1345 3852 usui
1370 3797 1506 3855 ecclesiae
1528 3797 1687 3854 destinatae
1710 3800 1783 3862 aunt,
1816 3806 1981 3859 corneam,

339 3885 473 3939 nonnulla
494 3902 529 3940 ex
550 3885 695 3942 Breviario
716 3886 884 3957 excerpta
876 3886 1040 3943 invenimus.
1082 3886 1112 3939 Ιιι
1138 3885 1234 3942 codice
1253 3885 1424 3942 vercellensi
1448 3886 1623 3942 collectionis
1647 3902 1783 3942 canonum
1830 3877 1963 3930 mmm

339 3970 470 4026 Auselmo
491 3971 639 4028 dedicatae
661 3972 739 4028 intra
760 3990 847 4029 annos
865 3975 917 4028 924
935 3977 965 4029 et
982 3974 1035 4028 960
1055 3972 1162 4044 scripto
1184 3972 1244 4029 et
1235 3991 1266 4028 m
1288 3972 1384 4029 codice
1402 3972 1568 4037 Mutinensi,
1591 3972 1641 4042 qni
1662 3973 1785 4028 secunda

339 4061 421 4126 parte
438 4057 544 4114 saeculi
562 4058 664 4114 decimi
681 4077 715 4115 ex
733 4060 829 4116 codice
842 4059 1013 4117 vercellensi
1031 4060 1189 4130 descriptus
1212 4062 1255 4115 est
1278 4063 1407 4129 uterque,
1431 4062 1464 4115 ut
1481 4060 1598 4116 Patetta
1614 4059 1785 4115 demonstra·
1822 3964 1971 4069 mmmm
2068 4045 2071 4050 ’

428 4251 448 4318 ¹)
467 4254 654 4320 Prolcgomena
670 4255 696 4305 in
714 4256 920 4308 Theodosianum
938 4272 963 4321 p.
975 4254 1117 4305 LXXXIV.

429 4338 449 4404 ²)
468 4340 639 4393 asscella
657 4341 729 4391 LVll
747 4350 773 4393 at
789 4343 880 4393 LVIII.

429 4426 451 4489 Ι)
469 4429 586 4495 ligarunt
606 4429 638 4479 de
655 4429 704 4479 hoc
721 4429 808 4480 codice
826 4430 927 4493 XXV
911 4418 953 4449 ⁴
945 4429 1012 4478 inter
1033 4427 1097 4478 alios
1115 4426 1244 4487 Borstius,
1263 4427 1312 4478 Die
1330 4425 1541 4491 Kapitularien
1533 4443 1568 4477 ιιιι
1586 4426 1782 4493 Langobardor-

339 4495 532 4616 iiioXXVQ
556 4514 581 4563 p.
599 4496 679 4564 29sq.
702 4506 729 4549 et
750 4498 916 4572 Bluhmius'
908 4515 936 4548 m
959 4499 995 4547 Μ.
1008 4499 1040 4548 G.
1052 4497 1104 4547 LL.
1124 4497 1170 4556 111,
1183 4463 1244 4547 514:
1278 4497 1330 4547 Cir.
1348 4496 1565 4563 Wermingholl'
1557 4513 1585 4546 ιιι
1606 4497 1642 4547 M.
1656 4498 1687 4548 G.
1700 4496 1782 4562 Capit.

427 4652 448 4714 ιι
467 4653 504 4703 ιι.
516 4655 546 4704 c
560 4654 612 4704 ιι.
631 4654 675 4717 ιν
690 4651 786 4719 icosq.

427 4738 449 4801 Ι)
468 4742 504 4791 M.
516 4742 547 4791 G.
561 4740 681 4807 Capit,
661 4742 674 4790 Ι
693 4738 743 4791 3ΙΙ
762 4749 788 4792 et
804 4738 863 4792 3Ι8.

429 4825 450 4889 “)
468 4826 554 4878 Habet
566 4828 646 4878 codex
659 4827 736 4878 ctiam
749 4829 893 4894 fragmenta
905 4844 937 4879 cx
950 4827 1100 4879 collectione
1112 4826 1234 4878 Anselmc
1246 4825 1370 4877 dedicata.
1397 4824 1560 4876 Mommsen
1552 4840 1579 4875 ιιι
1591 4824 1631 4874 his
1640 4824 1782 4890 Prolegom.

340 4895 373 4944 CI
392 4895 503 4946 codicem
523 4896 597 4947 Italia
614 4897 711 4958 tribuit,
731 4898 790 4947 item
809 4898 911 4948 Pataita
928 4897 1023 4948 iudicio
1040 4896 1178 4949 Gaudentii
1196 4905 1222 4947 et
1239 4895 1341 4946 abbatis
1358 4894 1459 4945 Csrlani
1478 4890 1542 4959 [AG.
1561 4893 1666 4956 XLVII,
1680 4891 1729 4957 14].

429 4980 450 5044 ⁷)
470 4984 505 5032 Μ.
518 4984 548 5033 G.
563 4984 614 5034 LL.
629 4985 706 5050 IVp.
719 4986 805 5043 XLII;
827 4985 932 5048 Becker,
950 4984 1069 5050 Catalogi
1087 4981 1120 5033 29
1139 4984 1170 5035 N.
1183 4980 1200 5032 8
1218 4991 1243 5032 et
1260 4979 1305 5044 293
1325 4982 1456 5045 Conratl,
1468 4978 1531 5039 4Ι;
1550 4978 1781 5030 Paterniano.

430 5066 450 5132 ⁸)
469 5069 574 5129 Becker,
586 5069 704 5136 Catalogi
716 5067 748 5118 67
762 5071 792 5119 N.
802 5067 865 5130 alfa
878 5071 974 5121 Conrat
986 5071 1006 5133 l,
1015 5067 1047 5120 4Ι
1055 5067 1078 5129 ⁸;
1090 5069 1194 5119 Patetta
1202 5068 1256 5119 AG.
1268 5067 1372 5132 XLVII,
1381 5064 1426 5127 30;
1439 5067 1514 5127 idem,
1526 5066 1583 5117 Riv.
1597 5069 1628 5117 It.
1637 5068 1695 5129 XII,
1705 5065 1754 5117 311
1764 5066 1781 5118 ¹.

428 5151 448 5217 ⁸)
466 5154 502 5204 Μ.
515 5155 546 5204 C.
559 5154 641 5221 Capit
661 5157 681 5217 1,
694 5152 753 5217 216,
766 5153 790 5206 4.
803 5152 827 5205 5.

416 5238 449 5304 ¹⁰)
467 5241 570 5291 Patstta
588 5241 604 5291 l.
617 5257 640 5292 c.
660 5240 700 5292 16.

418 5325 451 5391 ¹¹)
469 5328 505 5378 M
520 5330 552 5379 G.
565 5329 647 5395 Capit.
664 5329 685 5391 I,
697 5325 757 5391 335,
769 5326 797 5388 4;
816 5330 914 5380 Conrat
931 5326 1082 5391 1,4”.48·;
1101 5330 1203 5380 Patetta
1221 5328 1275 5379 eod.
1295 5324 1335 5378 16.

421 5411 454 5479 ¹¹)
472 5414 568 5465 Conrat
585 5416 604 5478 1,
617 5412 659 5465 4⁴.
678 5412 758 5476 276⁴;
776 5415 843 5467 idem
862 5417 916 5467 NA.
934 5417 990 5482 XV,
1002 5413 1065 5479 2023
1083 5417 1186 5468 Patetta
1203 5415 1258 5467 sod.
1275 5412 1317 5467 31.
