4517 6125
1037 566 1224 623 ,cx-

406 729 461 785 fuit
477 728 516 783 ‘iu
535 728 615 783 libris
633 727 745 798 collegii
772 724 887 781 oratorii
906 723 1071 786 'I'rcccnsis';
1095 722 1152 777 iam
1180 723 1345 778 adservatur
1366 722 1426 787 (sed
1449 722 1569 778 exsectis
1590 722 1667 778 foliis
1684 724 1855 794 4o91=uu

407 818 447 882 15,
457 818 481 880 5,
491 815 518 886 4]
532 816 630 870 -528
640 817 683 885 [--
696 814 766 868 Nov.
780 812 885 867 Theod.
896 813 936 878 31)
961 810 989 864 in
1013 809 1188 864 bibliotheca
1212 807 1329 878 publica
1351 807 1481 864 Parisina
1503 826 1617 865 numero
1641 814 1771 866 notatum
1795 812 1854 877 F²;

406 901 542 957 Haenelio
560 901 590 955 id
608 919 662 956 non
681 900 807 956 oblatum
825 902 868 954 est
886 916 975 966 neque
994 895 1063 950 mihi
1087 895 1116 949 in
1135 913 1233 950 manus
1252 893 1330 950 venit
1348 893 1403 949 nisi
1421 898 1486 965 post
1503 913 1646 965 expressos
1665 897 1856 954 Theodosiani

406 987 530 1042 librosV
547 986 659 1057 primos.
695 987 727 1040 In
750 983 932 1054 sequentibus
953 983 1056 1037 librum
1081 981 1232 1037 citavimus
1253 981 1304 1036 sub
1328 980 1438 1036 nomine
1457 981 1570 1037 Pithoei
1588 982 1753 1053 plerumque
1772 985 1855 1050 nude,

406 1073 446 1128 ibi
461 1091 532 1136 vero,
551 1071 600 1127 abi
619 1071 758 1127 consentit
776 1090 838 1126 cum
858 1069 1011 1141 exemplari
1029 1067 1133 1132 fratris,
1153 1069 1203 1123 ru·
1212 1074 1234 1131 ³;
1254 1085 1308 1122 non
1326 1085 1418 1138 pauca
1436 1065 1510 1121 enim
1522 1085 1595 1137 quae
1612 1067 1641 1123 in
1655 1069 1771 1126 huiusce
1788 1072 1855 1127 libri

405 1158 578 1229 marginibus
596 1157 741 1228 adscripta
758 1161 831 1222 sunt,
850 1175 912 1211 curn
931 1154 1111 1226 praecedenti
1129 1155 1217 1210 habet
1235 1153 1399 1209 communia.
1430 1155 1476 1208 Ita
1487 1153 1663 1220 constitutio,
1681 1175 1766 1226 quam
1779 1157 1855 1214 dedi-

405 1264 466 1300 mus
487 1246 612 1310 l,15,11,
635 1247 668 1299 ut
691 1243 720 1298 in
743 1243 897 1315 exemplari
922 1244 968 1298 Ε*
989 1242 1031 1297 ita
1055 1241 1083 1295 iu
1106 1240 1159 1295 hoc
1178 1258 1288 1310 quoque
1311 1238 1416 1311 legitur
1437 1239 1489 1294 sub
1513 1241 1687 1313 praescripto
1710 1245 1741 1296 in
1762 1243 1856 1310 iib(ro)

404 1331 525 1399 fr(atris)
544 1333 639 1400 (supra
657 1348 684 1400 p.
698 1328 837 1398 LXXIX);
857 1329 925 1383 item
943 1327 1119 1397 computatio
1138 1327 1173 1381 ds
1192 1325 1288 1381 hiatus
1306 1324 1424 1388 ambitu,
1443 1342 1528 1394 quam
1546 1326 1673 1383 dedimus
1691 1329 1728 1384 ad
1742 1331 1767 1396 6,
1776 1331 1801 1395 4,
1811 1331 1855 1397 33,

406 1417 526 1471 totidem
541 1416 634 1472 verbis
651 1415 757 1487 legitur
769 1414 797 1469 in
815 1414 968 1485 exemplari
986 1417 1117 1483 utroque;
1137 1412 1256 1481 denique
1274 1410 1457 1481 interpolatio
1471 1412 1510 1477 12,
1523 1413 1642 1477 1,151‚2
1656 1415 1856 1485 principalium

407 1501 547 1574 reperitur
564 1500 593 1556 in
611 1500 737 1574 margine
756 1505 883 1570 utroque.
902 1531 935 1538 —
953 1497 1158 1554 Adnotutiones
1176 1515 1223 1552 eas
1241 1496 1346 1552 maiore
1365 1500 1440 1553 certe
1463 1516 1496 1553 ex
1514 1503 1596 1568 parte
1619 1499 1778 1571 adscriptas
1795 1521 1856 1558 esse

406 1587 482 1643 circa
499 1588 774 1658 anteponeres
796 1585 944 1657 probabile
966 1590 1020 1651 est,
1044 1584 1118 1654 qaod
1141 1583 1169 1637 in
1192 1582 1249 1637 alio
1273 1580 1463 1638 bibliothecae
1481 1582 1626 1640 Parisinus
1645 1586 1786 1643 volumine
1805 1589 1856 1655 (in-

405 1673 501 1730 dicato
525 1672 595 1729 mihi
618 1675 654 1728 ab
671 1673 792 1729 Henrico
810 1673 913 1728 Omont
935 1671 1048 1742 egregio
1071 1673 1183 1725 nostrae
1207 1686 1309 1740 operae
1327 1667 1478 1737 adiutore),
1503 1669 1613 1726 scilicet
1635 1671 1731 1729 codice
1750 1673 1855 1746 Dupuy

404 1781 430 1816 n.
441 1763 500 1825 952,
520 1761 593 1816 inter
610 1759 772 1815 adversaria
792 1759 902 1815 diversa
921 1755 1061 1811 l‘rancisci
1079 1755 1187 1811 Pithoei
1205 1756 1338 1827 leguntur
1355 1754 1488 1824 (seseq.)
1506 1760 1639 1828 excerpta
1657 1760 1802 1829 complura
1820 1779 1855 1817 ex

405 1845 501 1902 codice
519 1845 714 1901 Theodosiana
732 1845 813 1901 nobis
830 1863 884 1899 non
903 1843 999 1907 utilia,
1024 1844 1072 1899 sed
1095 1847 1193 1913 aperte
1210 1840 1393 1913 respicientia
1410 1841 1446 1896 ad
1465 1843 1594 1898 volumen
1619 1847 1757 1910 nostrum,
1781 1865 1856 1903 anno

404 1933 455 1987 illo
467 1935 542 2000 (1584
556 1933 664 1993 Nocet.)
678 1930 859 2003 praescripto.
888 1931 956 1985 Cum
975 1948 1008 1985 eo
1027 1934 1152 1999 tempore
1170 1933 1246 1985 recte
1264 1926 1403 1993 convenit,
1421 1928 1498 1999 quod
1514 1929 1568 1985 hoc
1587 1933 1728 2001 apparatu
1741 1930 1855 1989 Pithoei

405 2018 520 2074 iunioris
534 2018 665 2074 Cuiacius
683 2019 719 2073 ad
737 2017 926 2072 adornandam
944 2015 1095 2072 editionem
1115 2016 1242 2078 alteram,
1262 2034 1334 2085 quae
1352 2014 1588 2087 prosiliisset,
1608 2014 1651 2072 ita
1668 2035 1733 2072 usus
1751 2022 1803 2083 est,
1821 2023 1855 2074 nt

405 2106 539 2175 pleraque
563 2103 680 2161 editioni
702 2103 840 2159 secundae
865 2103 978 2174 propria
1003 2103 1118 2158 redeant
1144 2102 1172 2156 in
1198 2101 1371 2174 marginibus
1397 2101 1569 2158 Pithoeanis.
1611 2102 1769 2158 Relationis
1793 2104 1856 2160 eius

405 2209 477 2260 quae
495 2190 645 2248 intercedit
662 2189 737 2246 inter
748 2193 918 2260 apparatum
936 2193 1060 2245 nostrum
1079 2194 1109 2244 et
1127 2187 1277 2244 editionem
1292 2186 1474 2243 Cniacianam
1487 2188 1606 2244 alteram
1621 2187 1784 2245 testimonia
1801 2191 1855 2248 hoo

405 2277 467 2332 loco
486 2295 577 2347 pauca
595 2275 727 2348 apposui;
745 2277 829 2345 plura
847 2275 1020 2345 reperientur
1038 2275 1067 2329 in
1086 2278 1227 2344 apparatu
1245 2278 1351 2328 nostro:

440 2392 465 2456 5,
474 2391 524 2455 al
577 2389 788 2444 additamentum
810 2387 847 2443 ad
870 2388 1116 2456 interpretationem
1142 2390 1171 2441 et
1195 2386 1218 2440 si
1244 2386 1380 2456 adoptare
1399 2426 1406 2439 .
1423 2427 1430 2439 .
1447 2426 1453 2438 .
1472 2427 1478 2439 .
1498 2387 1651 2456 potestate,
1677 2387 1749 2455 prod
1769 2405 1856 2458 nepae

612 2475 764 2529 Haenelius
785 2474 817 2528 in
833 2473 966 2529 codicibus
987 2473 1021 2525 at
1037 2472 1095 2539 ipso
1111 2472 1239 2541 irrepentis
1255 2471 1372 2541 merit
1388 2487 1476 2538 neque
1493 2486 1549 2538 epo,
1573 2470 1673 2526 editum
1690 2473 1723 2527 in
1740 2473 1856 2531 editione

613 2560 769 2614 Οιιίαοίαηα
780 2558 899 2613 secunda
914 2557 1030 2626 indeque
1048 2576 1067 2612 a
1084 2575 1124 2612 me
1143 2558 1288 2626 repetitum,
1307 2556 1381 2610 adest
1398 2556 1429 2608 in
1441 2555 1598 2610 Hidoeanis
1613 2563 1681 2612 reate
1698 2561 1855 2617 collocutum

611 2645 647 2700 ad
666 2652 748 2713 5,9,2
764 2650 830 2698 eutr.

439 2732 498 2797 6,2,
510 2732 543 2787 12
577 2738 601 2786 et
619 2732 742 2800 deinceps
759 2731 880 2799 quande
898 2731 960 2784 libri
979 2731 1006 2786 R
1021 2730 1159 2799 principio
1178 2729 1308 2784 damaris
1326 2729 1357 2781 in
1374 2727 1489 2783 editione
1506 2729 1595 2784 attera
1612 2731 1740 2799 protulit,
1763 2734 1855 2788 onnia

611 2835 645 2873 es
663 2818 819 2872 Pithoeanis
836 2818 926 2871 venire
943 2817 1084 2872 adunatio
1100 2823 1198 2871 nostra
1215 2817 1336 2871 mandit.

439 2904 539 2968 9,1,11
577 2905 607 2957 in
629 2905 851 2973 interpretatione
868 2908 930 2973 post
953 2903 1098 2959 celebrata
1121 2903 1230 2957 addunt
1254 2920 1305 2972 per
1331 2900 1455 2957 ordinem
1478 2902 1528 2956 soli
1545 2902 1616 2971 prod
1636 2904 1721 2958 samm
1739 2904 1809 2960 nu.
1827 2913 1854 2962 et

613 2991 672 3044 Oui
689 2999 760 3046 1686.

439 3078 544 3143 a,1,18
578 3077 789 3133 additanuntum
806 3077 844 3131 ad
861 3078 939 3133 imur.
957 3076 1079 3132 Maximo
1098 3078 1136 3148 pf.
1151 3095 1186 3147 p.,
1205 3077 1343 3130 intentum
1360 3075 1391 3129 in
1407 3076 1485 3130 nullu
1502 3076 1588 3131 codice
1605 3076 1681 3131 bodie
1698 3082 1773 3144 noto,
1793 3078 1855 3132 item

610 3171 648 3219 ert
665 3171 689 3219 ot
706 3165 738 3217 in
757 3164 915 3218 Pithoeunis
933 3169 958 3217 et
975 3163 1050 3231 apud
1065 3163 1206 3218 &danum
1225 3168 1298 3218 1586.
1853 3175 1858 3184 ·

438 3252 463 3314 9,
474 3252 499 3314 6,
509 3251 561 3314 3,2
580 3251 730 3307 cuiuslibet
749 3251 858 3319 domus]
878 3250 905 3304 in
925 3249 1081 3319 quemlihet
1098 3250 1241 3304 dominum
1261 3248 1334 3303 Pan.
1347 3253 1371 3302 et
1384 3247 1442 3303 Cui.
1456 3254 1523 3304 1586
1540 3248 1599 3304 soli.

438 3339 463 3401 9,
473 3336 498 3402 8,
509 3339 555 3402 1,1
577 3341 641 3407 post
659 3337 717 3393 alia
735 3338 771 3390 ad
788 3338 867 3391 inser.
885 3336 993 3390 addunt
1012 3336 1085 3391 Pitt.
1097 3342 1121 3391 et
1135 3338 1195 3392 Cui.
1209 3343 1271 3391 1686
1287 3334 1343 3389 soti.

406 3457 482 3513 Haec
501 3460 534 3512 ut
552 3456 635 3513 facile
654 3457 865 3529 intellegrmtur,
884 3457 926 3513 ila
945 3458 1036 3528 ipsum
1053 3461 1224 3529 apparatum
1241 3457 1315 3513 unde
1329 3455 1461 3511 Pithoeus
1474 3456 1668 3527 composuerit,
1686 3455 1853 3528 ambiguum

405 3548 456 3599 est.
494 3544 553 3615 Ego
571 3562 643 3612 quae
661 3542 898 3614 deprehenderim,
918 3543 975 3599 iam
993 3544 1151 3614 explicabo.

432 3657 498 3711 LA
521 3654 688 3712 coniecturis
714 3656 908 3711 adnotatorem
933 3675 987 3711 non
1012 3657 1181 3712 abstinuisse
1204 3656 1267 3712 inde
1290 3655 1421 3718 efficitur,
1445 3655 1519 3724 quod
1542 3653 1692 3722 aliquoties
1716 3655 1853 3713 lectiones

473 3743 637 3798 adferuntur
654 3743 805 3812 praemisso
825 3743 961 3798 vocabulo
979 3748 1056 3808 ἴσως,
1080 3747 1112 3799 ut
1130 3743 1247 3807 7,4‚a,1
1267 3743 1313 3795 nel
1329 3741 1431 3810 reem]
1449 3746 1499 3794 aut
1516 3740 1661 3794 unuecinu
1678 3772 1711 3780 -
1730 3742 1754 3805 9,
1764 3742 1789 3806 2,
1799 3741 1852 3809 3,2

472 3829 619 3898 uinciatur]
643 3829 771 3883 initiatur
793 3859 825 3869 -
851 3831 973 3895 9,1,9,3
995 3830 1053 3899 nec]
1077 3846 1110 3883 ne
1135 3859 1167 3869 -
1192 3829 1217 3892 9,
1230 3829 1270 3892 18,
1279 3829 1331 3891 at
1353 3826 1504 3895 inuiuisset]
1528 3826 1653 3880 latuisset
1674 3827 1715 3880 uel
1734 3826 1782 3895 rep.
1808 3830 1853 3894 (ut

474 3916 604 3983 7,4,1,5)
621 3915 735 3968 uitiatae
751 3921 830 3985 atque
845 3923 995 3984 renuptae.
1026 3916 1080 3971 Sed
1098 3914 1163 3970 aliis
1181 3913 1250 3969 loeis
1268 3913 1404 3969 vocabulo
1423 3930 1455 3968 so
1473 3930 1528 3968 non
1546 3912 1698 3984 praemisso
1715 3912 1853 3970 lectiones

474 4001 633 4073 adscriptae
652 4006 717 4058 sant
739 4006 768 4058 et
790 4002 869 4072 ipsae
888 4006 986 4072 aperte
1005 4000 1221 4063 coniecturales,
1247 4002 1279 4054 ut
1302 4018 1319 4054 a
1337 3997 1417 4054 nobis
1435 3998 1463 4053 in
1482 4003 1625 4068 apparatu
1643 4000 1797 4055 adnotatae
1814 4001 1852 4056 ad

475 4087 614 4153 8,5,14,2
632 4116 665 4128 -
686 4089 725 4153 12,
738 4091 857 4154 1,162,4
875 4120 908 4129 -
928 4090 1036 4156 13,1,5,
1049 4089 1088 4142 10.

431 4184 455 4236 2.
475 4182 661 4238 Theodosiani
680 4182 783 4255 integri
801 4183 888 4239 libros
906 4185 975 4240 duos
992 4181 1148 4254 primarios,
1167 4182 1275 4235 nostros
1294 4181 1321 4236 R
1338 4183 1368 4237 et
1386 4180 1416 4245 V,
1436 4180 1570 4237 Pithoeus
1587 4184 1682 4236 noster
1698 4180 1853 4254 diligenter

475 4267 597 4324 contulit
620 4287 683 4324 cum
708 4268 919 4341 impressiones
943 4290 1005 4327 raro
1029 4270 1164 4327 lectiones
1187 4269 1251 4327 inde
1275 4271 1430 4327 adnotavit.
1472 4271 1513 4327 De
1536 4270 1632 4327 codice
1652 4271 1691 4335 R,
1714 4290 1798 4342 quem
1821 4274 1851 4329 in

474 4354 634 4425 praemissis
647 4354 706 4422 (uhi
724 4355 783 4411 eins
800 4357 985 4427 alphabetum
998 4355 1138 4427 depinxit)
1150 4356 1281 4428 appellat
1294 4358 1392 4427 Myrei,
1410 4356 1440 4411 id
1456 4358 1499 4413 est
1514 4356 1620 4423 Mirari,
1638 4356 1710 4412 alias
1722 4361 1853 4425 oet(erern)

474 4442 734 4508 volantatem,
759 4442 876 4498 conferri
900 4448 1044 4513 poterunt,
1069 4460 1140 4512 quae
1165 4441 1313 4497 attulimus
1336 4443 1372 4497 ad
1391 4440 1560 4512 principium
1583 4441 1649 4496 libri
1667 4444 1740 4498 sexti
1763 4447 1793 4501 et
1814 4447 1853 4502 ad

473 4526 588 4590 8,14,1;
613 4526 696 4596 plura
718 4531 812 4584 tamen
834 4546 888 4581 non
913 4527 986 4583 vidit
1009 4546 1094 4596 quam
1112 4545 1185 4595 quae
1209 4529 1360 4597 supersunt
1381 4544 1470 4595 neque
1493 4545 1574 4598 opem
1596 4528 1651 4583 fert
1673 4526 1853 4586 constitutio·

473 4610 556 4665 nibus
578 4611 607 4666 in
632 4612 771 4682 principio
794 4612 865 4668 sexti
889 4613 955 4667 libri
978 4618 1008 4668 et
1031 4613 1060 4667 iu
1082 4614 1135 4667 fine
1158 4614 1252 4669 octavi
1277 4632 1295 4668 a
1313 4612 1428 4668 Cuiacio
1450 4614 1508 4668 solo
1532 4614 1706 4684 plenioribus
1724 4614 1798 4671 visis.
1817 4648 1853 4658 -

474 4698 603 4755 Codicem
623 4700 649 4753 V
663 4699 765 4755 diserte
786 4700 839 4754 sub
857 4698 924 4753 Tilii
947 4699 1057 4754 nomine
1080 4700 1197 4771 adlegat
1219 4705 1248 4755 et
1271 4700 1298 4754 in
1321 4697 1493 4769 praemissis,
1518 4700 1566 4755 ubi
1585 4700 1770 4772 alphabetum
1793 4703 1853 4759 eius

474 4784 621 4854 expressit,
646 4790 675 4842 et
693 4790 840 4856 praeterea
857 4804 911 4840 uno
929 4785 991 4841 loco
1010 4787 1044 4851 (9,
1055 4787 1078 4848 7,
1089 4787 1113 4849 3,
1126 4787 1153 4840 l:
1175 4785 1289 4840 ‘femina
1311 4792 1349 4840 est
1367 4786 1398 4838 in
1421 4785 1626 4855 c[odioe]1itii‚
1647 4788 1694 4843 sed
1710 4788 1853 4858 deletun’),

475 4870 546 4925 alibi
570 4874 614 4934 (ut
637 4873 661 4934 9,
670 4873 713 4937 45,
722 4873 776 4927 4.5
799 4903 831 4912 —
857 4872 896 4935 13,
910 4873 976 4937 1,10
999 4902 1031 4911 -
1057 4873 1376 4939 14,27‚1-15,-1,53)
1401 4872 1427 4929 ei
1451 4872 1556 4928 dicitur
1579 4876 1675 4943 statu)
1698 4874 1783 4944 Tala)
1808 4875 1852 4930 vel

475 4958 518 5021 (ut
537 4957 629 5022 10,2Ο,
640 4959 683 5024 16)
700 4958 806 5026 dodra)
822 4960 909 5028 Tala)
928 4959 971 5014 vel
991 4960 1035 5025 (ut
1053 4960 1094 5021 12,
1107 4959 1129 5023 l,
1142 4959 1191 5014 111
1210 4987 1244 4998 -
1265 4959 1304 5022 12,
1315 4960 1339 5021 6,
1348 4960 1393 5026 20)
1412 4961 1507 5028 eidus)
1524 4960 1605 5016 nude.
1636 4959 1854 5017 Constitutionis

474 5042 598 5098 Graecae
622 5045 647 5109 9,
658 5044 731 5108 45,4
754 5046 862 5100 textum
886 5046 962 5114 apud
986 5044 1091 5099 'Filium
1115 5062 1171 5099 nou
1198 5043 1350 5114 diligenter
1374 5064 1533 5116 expressum
1558 5046 1692 5103 Pithoeus
1719 5052 1853 5104 accurate

475 5128 609 5184 exhibuit.

432 5214 456 5268 3.
474 5214 613 5270 Breviarii
632 5214 718 5270 libros
736 5216 830 5287 plures
847 5235 865 5272 a
882 5216 1001 5274 Pithoeo
1020 5219 1165 5276 adhibitos
1184 5237 1244 5276 csse
1262 5224 1295 5276 ut
1313 5219 1402 5290 primo
1420 5221 1521 5278 obtutu
1540 5223 1672 5291 apparet,
1693 5221 1736 5278 ita
1753 5222 1854 5293 paucis

475 5300 544 5357 locis
562 5303 660 5369 (1,5,3
678 5331 712 5342 -
730 5304 828 5368 l‚16,1
842 5334 875 5346 -
890 5305 912 5368 1,
922 5305 988 5369 22,1
1006 5334 1041 5347 ·-
1056 5306 1154 5375 3,1,6)
1172 5306 1306 5377 exceptis,
1324 5307 1374 5364 ubi
1392 5308 1526 5379 apposuit
1542 5308 1670 5365 litteram
1684 5310 1715 5372 P,
1734 5307 1791 5379 ipsi
1802 5308 1852 5379 qui

479 5387 592 5456 fuerint,
610 5388 776 5446 nominatim
795 5407 850 5445 non
867 5388 1037 5457 enuntiatur,
1055 5409 1092 5449 ue
1108 5392 1151 5449 ibi
1163 5391 1276 5463 quidem
1295 5393 1344 5451 ubi
1363 5395 1456 5465 plures
1473 5394 1650 5465 reperiuntur
1667 5394 1852 5465 compositae:
