4517 6125
553 1263 994 1362 CONSPECTVS
1030 1265 1276 1362 PARTIS
1310 1266 1585 1363 PRIORIS

454 1520 626 1598 Conspectus
643 1518 829 1574 subsidiorum
847 1520 884 1575 ad
902 1519 1126 1575 Theodosienum
1144 1517 1335 1574 adhibitorum
1384 1559 1391 1571 .
1426 1561 1432 1572 .
1470 1561 1475 1573 .
1511 1560 1518 1575 .
1639 1464 1687 1505 W.
1722 1521 1760 1575 VI

454 1625 626 1696 Conspectus
643 1624 831 1679 subsidiorum
848 1624 885 1678 ad
903 1622 1111 1679 Sirmondianas
1129 1621 1321 1679 adhibitorum
1340 1664 1518 1678 .....
1691 1624 1759 1679 VIII

343 1779 622 1837 PROLEGOMIINA
643 1780 684 1834 IN
703 1780 992 1837 THEODOSIANVII

451 1902 519 1973 Cap.
532 1903 553 1957 Ι.
640 1902 829 1958 Tbeodosisni
847 1904 925 1973 origo
943 1907 972 1960 et
990 1921 1055 1959 usus
1073 1944 1509 1960 ...........
1716 1904 1755 1958 IX

691 2007 830 2064 Rubrioae
857 2008 950 2064 Edieti
967 2007 1133 2079 Gregoriani
1151 2007 1337 2064 Theodosiaui
1361 2007 1509 2064 Iustiniani
1690 2008 1758 2064 XIII

691 2093 829 2149 Breviorii
862 2093 1017 2149 Alarieiani
1046 2093 1232 2165 praescriptio
1262 2094 1417 2152 auotoritas
1447 2095 1509 2150 sub

739 2180 855 2251 scriptio
895 2221 1509 2239 ...............
1666 2181 1759 2236 XXXI

452 2284 568 2355 Capll.
642 2285 827 2342 Theodosiani
846 2285 948 2357 integri
968 2285 1077 2342 codices
1117 2326 1510 2342 ..........
1615 2285 1760 2341 XXXVIII

451 2387 519 2458 Cap.
532 2389 580 2444 111.
642 2388 683 2444 Ex
702 2388 895 2446 Theodosiano
914 2389 1023 2460 integro
1041 2394 1175 2462 excerpta
1192 2393 1304 2461 praeter
1322 2390 1483 2447 Alarioiena
1505 2432 1512 2446 .
1699 2389 1759 2444 LIX

450 2492 518 2564 Cap.
532 2494 595 2548 IIII.
642 2493 780 2550 Breviarii
798 2492 902 2564 integri
920 2493 1029 2548 codices
1076 2534 1512 2550 ...........
1685 2492 1758 2546 LXV

452 2596 520 2667 Cap.
533 2598 566 2652 V.
643 2596 846 2653 Additamento
862 2596 999 2653 Breviarii
1016 2600 1130 2668 sumpta
1148 2615 1182 2653 ex
1195 2598 1388 2654 Theodosiano
1405 2598 1516 2669 integro
1634 2596 1760 2651 LXXXII

451 2699 518 2770 Cap.
531 2700 578 2755 VI.
637 2700 775 2757 Breviarii
793 2701 923 2771 exempla
940 2700 1069 2757 breviata
1087 2703 1116 2757 et
1134 2701 1243 2758 ineerta
1290 2742 1511 2759 ......
1670 2700 1759 2754 XCIII

708 2788 728 2841 Ι.
748 2786 825 2842 Libri
844 2787 984 2844 decurtati
1026 2828 1507 2844 ............
1685 2786 1759 2840 XCV

695 2874 729 2928 11.
748 2872 896 2944 Epitomae
944 2915 1509 2931 ..............
1738 2874 1759 2927 C

679 2963 728 3017 ΙΙΙ.
746 2962 833 3017 Varia
850 2962 879 3016 et
896 2960 1004 3017 minora
1031 3001 1510 3018 ............
1710 2960 1758 3014 CII

683 3048 729 3105 IV.
747 3049 887 3120 Excerpta
904 3066 938 3105 ex
955 3048 1098 3105 Breviorio
1116 3091 1510 3105 ..........
1697 3046 1758 3101 CIII

697 3137 731 3191 V.
749 3135 826 3191 Libri
844 3136 966 3192 latentes
985 3136 1029 3192 vel
1048 3135 1188 3206 deperditi
1205 3176 1511 3194 ........
1699 3132 1759 3187 CIV

456 3242 524 3312 Cap.
537 3241 598 3297 Vll.
641 3239 827 3296 Theodosiani
845 3239 982 3296 editiones
1001 3242 1030 3295 et
1047 3243 1202 3310 apparatus
1246 3280 1510 3295 .......
1684 3236 1759 3291 CVII

453 3345 520 3415 Cap.
534 3344 610 3399 VIII
636 3344 720 3400 Crisis
737 3343 870 3399 librorum
903 3384 1511 3400 ...............
1670 3340 1757 3397 CXIX

454 3449 522 3519 Cap.
531 3449 621 3504 VIIII.
639 3448 850 3519 orthographia
867 3448 1001 3504 librorum
1018 3452 1048 3504 et
1065 3448 1231 3519 compendia
1250 3488 1513 3504 .......
1657 3445 1755 3500 CXLII

455 3552 522 3623 Cap.
541 3552 574 3607 X.
640 3551 877 3608 constitutionum
901 3556 1030 3607 auctores
1052 3553 1081 3607 et
1098 3556 1261 3623 acceptores
1279 3556 1309 3609 et
1327 3552 1386 3609 dies
1403 3552 1513 3621 Iooique
1674 3549 1760 3604 CLIII

711 3641 733 3694 Ι.
752 3638 938 3707 imperatores
988 3678 1511 3694 .............
1690 3635 1760 3689 CLX

700 3725 734 3780 II.
753 3724 992 3780 Constitutionum
1010 3729 1174 3796 acceptores
1206 3763 1513 3781 ........
1661 3722 1759 3778 CLXII

686 3812 736 3866 III.
754 3812 893 3882 Tempora
911 3816 941 3868 et
958 3811 1013 3868 Ioci
1030 3853 1512 3867 ............
1677 3808 1760 3863 CCIX

347 3952 397 4006 DE
418 3950 486 4005 VSV
505 3950 694 4005 BRXVIARII
712 3949 928 4005 ALARICIXNI
946 3949 1102 4005 FORENSI
1120 3949 1167 4003 ΕΤ
1186 3948 1432 4005 SCHOLAS'I'ICO
1451 3948 1521 4004 PER

453 4037 658 4092 HISPANIAM
691 4037 855 4093 CALLIAM
894 4036 1049 4091 I'I'ALIAM
1084 4034 1341 4097 REGIONESQVE
1372 4034 1521 4114 VICIthS

454 4123 566 4179 adiecto
583 4123 676 4180 indice
694 4125 817 4179 locorum
835 4141 869 4180 ex
886 4122 1030 4179 Brevierio
1048 4122 1239 4178 adhibitorum
1257 4121 1372 4191 scripsit
1389 4121 1521 4187 Alfredus

455 4209 488 4263 de
506 4209 658 4265 Wretsoblro
694 4247 1517 4265 ....................
1639 4204 1761 4261 CCCVII

349 4348 625 4405 PROLIIGOMENA
643 4349 683 4404 IN
701 4347 1019 4404 CONSTI'I'V'I'IONES
1037 4346 1313 4403 SIRMONDIANAS
1337 4386 1513 4401 .....
1550 4343 1761 4400 CCCLXXVIII
