4517 6125
932 581 966 592 -
1001 549 1134 607 GGGXIX
1169 580 1204 592 -

340 709 443 778 quibus
460 709 570 762 statuta
587 724 726 762 canonum
747 724 812 761 cum
839 706 950 778 legibus
967 707 1100 763 Romanis
1119 707 1270 764 coniuncta
1286 712 1378 774 erant,
1402 709 1594 775 adhibuerint,
1617 711 1685 781 quia
1708 711 1787 767 illius

341 795 476 867 temporis
495 793 612 850 minima
629 797 809 850 monumenta
829 795 865 849 ad
883 812 933 850 nos
951 797 1146 864 pervenerunt,
1165 794 1194 849 in
1214 795 1299 850 dubio
1317 796 1482 866 relinquam.
1516 797 1702 854 Conciliorum
1720 799 1784 854 Ger·

340 882 452 939 maniae
470 887 503 939 ut
516 882 635 938 vidimus
653 900 738 936 unum
751 881 983 952 Moguntiacense
996 899 1020 937 a.
1031 884 1082 936 686
1095 883 1234 951 quendam
1246 887 1354 937 textum
1368 883 1492 952 praebet,
1505 883 1554 952 qui
1567 901 1630 939 cum
1643 885 1786 941 breviario

341 969 459 1026 conferri
477 972 580 1041 potest.
616 969 670 1024 Sed
687 968 825 1024 incertum
843 970 888 1025 est
905 987 971 1024 num
991 971 1085 1039 patres
1104 968 1217 1025 concilii
1235 987 1281 1034 ea,
1305 987 1378 1038 qnae
1396 970 1446 1024 illo
1465 988 1570 1026 canone
1588 971 1785 1036 ordinaverint,

340 1073 375 1112 ex
393 1056 455 1127 ipso
474 1055 616 1112 Breviario
633 1055 785 1112 hauserint.
820 1054 946 1111 Chartae
971 1055 1000 1110 in
1019 1055 1149 1126 partibus
1166 1056 1332 1113 Germaniae
1350 1058 1494 1113 confectae
1512 1059 1619 1113 nullam
1636 1058 1705 1114 iuris
1722 1061 1786 1116 Bre-

342 1143 423 1199 viarii
448 1142 618 1201 mentionem
639 1143 731 1198 facere
749 1141 891 1198 videntur.
927 1142 981 1198 Sed
1003 1144 1032 1197 iu
1056 1142 1154 1213 paucis
1175 1143 1339 1199 Germaniae
1358 1145 1587 1200 monasteriorum
1605 1144 1787 1201 bibliothecis

340 1230 474 1300 quosdam
497 1228 634 1284 Breviarii
657 1227 821 1299 praesertim
840 1228 1025 1299 epitomarum
1044 1229 1154 1286 codices
1178 1229 1262 1285 fuisse
1286 1233 1404 1285 constat.
1440 1230 1480 1286 De
1499 1230 1601 1300 quibus
1619 1230 1692 1286 infra
1709 1231 1786 1288 brevi

341 1335 465 1388 nemus.
495 1317 567 1372 ltem
583 1315 618 1372 de
630 1315 698 1369 iuris
711 1314 831 1371 Romani
845 1318 987 1385 potestate
1005 1315 1035 1369 in
1047 1315 1293 1371 Raetia-Guriemi
1311 1321 1341 1372 et
1359 1317 1388 1370 in
1400 1316 1494 1372 Tirole
1511 1316 1695 1382 meridionali,
1714 1336 1786 1387 quae

342 1405 419 1458 certe
440 1400 554 1458 ineunte
577 1402 688 1458 saecnlo
710 1400 869 1466 undecimo,
894 1400 1012 1458 fortasse
1035 1401 1091 1457 iam
1116 1401 1291 1472 temporibus
1308 1402 1420 1459 Ottouis
1438 1402 1522 1473 primi
1543 1421 1598 1459 non
1617 1404 1718 1460 ltaliae
1737 1405 1785 1460 sed

340 1506 426 1559 regno
444 1487 609 1545 Germanico
627 1488 866 1544 adnumerabatur
876 1492 902 1557 1),
921 1492 989 1558 apto
1008 1489 1070 1544 loco
1089 1487 1263 1544 disseremus.

427 1575 507 1630 Nunc
525 1574 634 1646 placita
653 1572 893 1644 instrumentaque
912 1573 1109 1639 tractabimus,
1130 1593 1203 1645 quae
1222 1574 1358 1631 Breviarii
1380 1578 1411 1631 et
1432 1575 1462 1631 in
1483 1576 1542 1632 soro
1565 1581 1595 1631 et
1617 1576 1645 1631 in
1663 1577 1785 1648 negotiis
1816 1650 1822 1660 .
1850 1579 1953 1631 Passa

340 1661 461 1732 privatis
484 1681 564 1717 usum
586 1661 786 1717 demonstrant.
821 1660 917 1716 Pauca
934 1661 1021 1717 etiam
1040 1660 1074 1717 de
1092 1679 1184 1717 rerum
1201 1661 1386 1732 scriptoribus
1403 1661 1533 1719 dicemus
1569 1662 1785 1718 Animadvertas
1811 1658 1990 1701 11111111111111

341 1748 478 1818 quaedum
498 1766 592 1804 eorum
613 1746 784 1802 Breviarium
801 1747 904 1819 ‘legem
917 1746 1156 1811 Theodosianam‘,
1174 1747 1257 1819 ‘legis
1270 1746 1482 1804 Theodosianae
1501 1747 1603 1814 libros’,
1621 1748 1786 1804 ‘Theodosii
1809 1727 1991 1840 Ῡῖζφξᾚζω

340 1835 474 1903 decreta’,
500 1835 601 1890 ‘libros
622 1833 809 1890 Theodosiani
833 1836 863 1890 et
882 1833 1098 1903 Hermogeniani
1124 1852 1173 1890 seu
1199 1834 1335 1905 Papiani’
1358 1833 1509 1891 nominare.
1550 1834 1693 1896 Quaedam
1720 1852 1785 1892 vero
1877 1804 1898 1853 p
1966 1825 1972 1838 ⁸

339 1922 442 1993 ‘legem
454 1920 618 1977 Romanam’
629 1924 791 1985 memorant,
804 1936 922 1989 quarum
940 1919 1114 1990 antiquiores
1131 1921 1168 1976 ad
1187 1920 1280 1992 ipsum
1293 1920 1469 1977 Breviarinm
1482 1920 1633 1993 pertinent,
1653 1922 1786 1992 posteris

339 2026 384 2063 res
403 2025 468 2063 vero
487 2006 531 2062 ius
549 2009 703 2063 Romanum
722 2006 861 2071 indicant,
885 2007 959 2076 quod
982 2006 1010 2061 in
1028 2006 1087 2061 illis
1105 2007 1267 2079 regionibus
1285 2006 1485 2064 cousuetudine
1507 2025 1562 2062 non
1583 2008 1673 2063 solum
1691 2025 1785 2064 secun·

340 2095 406 2150 dum
428 2094 476 2150 sed
499 2093 586 2150 etism
611 2097 724 2164 praeter
742 2094 785 2150 vel
808 2097 906 2149 contra
928 2093 972 2148 ius
994 2093 1131 2164 scriptum
1157 2094 1275 2151 exstitit.
1312 2099 1408 2164 Aequo
1432 2092 1510 2148 illiue
1531 2094 1667 2165 temporis
1684 2094 1784 2151 instru-

340 2183 496 2238 mentorum
518 2181 751 2250 iormularumque
771 2179 856 2235 verba
878 2179 955 2252 ‘lege
974 2179 1076 2236 Salica’
1100 2181 1146 2237 vel
1170 2181 1247 2251 ‘lege
1266 2179 1415 2237 Gombata'
1439 2179 1484 2236 vel
1506 2180 1582 2251 ‘lege
1604 2176 1705 2236 Gotha’
1728 2198 1784 2235 non

340 2265 453 2322 omniuo
470 2266 507 2321 ad
525 2266 656 2335 antiquas
673 2266 751 2336 leges
767 2265 889 2336 scriptas
906 2266 1050 2322 referenda
1067 2270 1133 2322 sunt
1150 2267 1199 2321 sed
1217 2267 1246 2321 in
1265 2265 1326 2321 dies
1343 2266 1434 2339 magis
1451 2266 1495 2321 ius
1508 2267 1783 2323 consuetudinarium

340 2354 470 2419 laudant,
492 2353 567 2423 qnod
590 2351 619 2407 in
641 2352 700 2407 illis
720 2351 883 2423 regionibus
902 2352 1034 2422 antiquas
1053 2354 1129 2424 leges
1147 2353 1191 2409 vel
1210 2352 1320 2408 adiuvit
1338 2352 1382 2409 vel
1400 2350 1546 2424 supplevit
1563 2353 1609 2407 vel
1627 2352 1781 2418 correxit.¹)

368 2469 391 2520 1.
409 2465 503 2521 Primo
516 2465 646 2536 Gregorii
658 2465 825 2522 Turonensis
843 2464 1013 2522 mentionem
1025 2465 1168 2521 faciemus
1198 2466 1295 2522 Refert
1312 2465 1342 2520 in
1354 2465 1475 2522 historia
1486 2465 1656 2521 Francorum
1668 2464 1726 2534 [IV,
1739 2465 1782 2536 46]

409 2551 599 2607 Andarchinm
621 2552 760 2621 quendam
783 2569 894 2607 servum
915 2551 960 2606 ‘de
984 2551 1056 2624 legis
1079 2552 1290 2609 Theodosiauae
1317 2551 1407 2607 libris’
1427 2551 1567 2607 eruditum
1593 2551 1711 2621 fnisse.¹)
1751 2553 1784 2606 ln

411 2637 484 2694 Vitis
505 2641 619 2709 patrum
642 2638 727 2708 [vlu.
745 2638 771 2708 5]
800 2640 999 2694 testamentum
1023 2639 1114 2694 munti
1138 2639 1245 2694 Nicetii
1268 2638 1461 2709 Lugdunensis
1487 2637 1615 2709 episcopi
1642 2656 1714 2693 anno
1732 2639 1784 2692 573

408 2727 484 2797 ‘post
501 2723 568 2791 dies,
586 2742 657 2793 qnae
674 2724 719 2780 lex
738 2723 864 2779 Romana
881 2723 1012 2780 sancivit*
1029 2728 1159 2796 apertum
1181 2743 1240 2781 esse
1247 2728 1268 2791 1)
1285 2725 1367 2792 dicit,
1385 2742 1505 2795 quocum
1523 2725 1568 2779 Br.
1581 2724 1661 2780 Paul.
1675 2724 1722 2789 IV,
1733 2725 1784 2787 6,2

411 2811 607 2867 conferendum
625 2812 677 2867 est.
706 2811 868 2866 Clausulam
878 2811 1040 2866 ‘secundnm
1052 2812 1129 2883 leges
1141 2811 1290 2867 Romanas’
1302 2810 1389 2869 etiam
1401 2811 1488 2866 Gesta
1499 2810 1654 2881 Dagoberti
1664 2811 1693 2881 1),
1712 2828 1783 2865 com·

409 2897 511 2970 pilatio
529 2897 581 2952 illa
598 2897 705 2953 saeculi
722 2897 761 2952 IX
780 2899 917 2962 coniecta,
936 2898 970 2953 de
989 2897 1068 2953 cuius
1086 2898 1139 2955 lide
1153 2899 1235 2954 valde
1253 2898 1409 2962 dubitatur,
1426 2896 1604 2966 Aimoniique
1622 2896 1782 2964 monachi⁰)

410 2983 594 3041 l'loriacensis
617 2988 699 3056 gesta
720 2984 889 3039 Francorum
913 2986 1057 3056 praebent.
1099 2985 1223 3055 Uterque
1246 2985 1362 3042 sortasse
1385 2986 1542 3056 fragmento
1562 2983 1699 3039 Breviarii
1723 2985 1780 3056 [Br.

409 3072 488 3129 Paul.
501 3072 551 3137 Ill,
564 3075 588 3142 7,
603 3076 616 3127 1
636 3070 698 3143 int]
717 3070 852 3142 nititur.¹)

365 3171 390 3224 2.
409 3168 619 3225 Testamentum
640 3168 870 3239 Burgnndofarae
894 3167 924 3222 in
948 3169 1072 3224 favorem
1098 3168 1262 3226 monasterii
1283 3168 1475 3225 Eboriacensis
1500 3166 1690 3239 conscriptum
1709 3169 1781 3235 (632)

409 3255 497 3311 habet
515 3256 601 3311 verba
617 3255 656 3309 ‘in
674 3255 736 3326 lege
753 3273 863 3325 quoque
882 3254 1119 3323 Theodosiana’.⁸)

368 3354 393 3405 a
411 3350 537 3422 Scriptor
555 3350 631 3407 vitas
649 3368 670 3405 a
684 3350 824 3406 Praeiecti
841 3350 968 3422 episcopi
982 3350 1161 3408 Arvernensis
1179 3354 1209 3406 et
1226 3349 1357 3421 martyris
1375 3348 1640 3406 numennumen
1658 3348 1782 3405 defuncti

410 3437 496 3493 refert
512 3436 675 3508 episcopum
692 3435 773 3492 iuxta
790 3440 900 3493 statuta
917 3455 1055 3493 canonum
1066 3438 1111 3493 vel
1128 3438 1239 3508 ‘legem
1251 3455 1323 3506 quae
1336 3436 1440 3492 dicitur
1451 3433 1584 3492 Romana'
1598 3436 1658 3506 [cfr.
1670 3436 1715 3490 Br.
1729 3435 1780 3489 Th.

410 3525 446 3589 ll,
457 3525 483 3592 8,
497 3524 525 3594 2]
542 3524 663 3579 sabbato
680 3527 746 3580 ante
764 3523 901 3579 Pascham
919 3524 950 3578 in
968 3524 1102 3580 iudicium
1121 3524 1216 3580 venire
1234 3523 1387 3591 noluisses)

366 3621 392 3674 ⁴·
411 3618 553 3674 3⁰¹¹iii⁰¹1¹
572 3618 734 3689 episcopum
753 3619 1009 3684 claromontanum,
1033 3620 1082 3689 qui
1100 3637 1173 3675 anno
1191 3620 1242 3673 709
1259 3617 1391 3687 decessit,
1413 3616 1579 3673 ‘Theodosii
1602 3615 1728 3673 decretis'
1752 3616 1782 3671 id

409 3710 453 3762 est
470 3703 614 3762 Breviorio
632 3706 761 3761 edoctum
778 3704 863 3761 fuisse
881 3723 1035 3776 anonymus
1055 3704 1130 3761 vitae
1149 3705 1209 3760 eine
1227 3707 1325 3760 auctor
1342 3707 1483 3774 nanut.¹⁰)

428 3881 448 3945 1)
466 3882 519 3933 Diu
536 3883 600 3934 fines
618 3883 684 3933 inter
696 3882 796 3933 ltaliam
814 3889 841 3933 et
851 3884 1033 3935 Germanicum
1052 3899 1161 3949 regnum
1179 3883 1270 3933 incerti
1288 3888 1370 3933 eraut.
1400 3880 1507 3947 Dilapso
1525 3897 1605 3948 regno
1618 3880 1779 3945 Carolingico

339 3953 442 4004 saeculo
460 3953 558 4005 decimo
576 3951 692 4003 marchia
709 3953 846 4003 tiernensis
864 3952 954 4004 ltaliae
971 3952 1172 4004 adscribebutur.
1207 3953 1248 4002 Ab
1265 3967 1333 4002 anno
1351 3949 1402 4001 952
1420 3966 1481 4000 vero
1499 3950 1660 4000 marchiones
1678 3951 1780 4001 natione

339 4023 485 4073 Germanici
503 4022 597 4073 ibidem
616 4022 720 4087 negotia
736 4027 875 4085 gesserunt
891 4022 1002 4088 ducique
1014 4022 1140 4072 Bavarise
1159 4029 1247 4088 posteo
1264 4020 1303 4071 illi
1316 4020 1461 4071 Cerinthiae
1479 4019 1576 4072 subditi
1594 4028 1675 4070 erant.
1704 4020 1780 4069 Anno

342 4090 407 4141 lull
426 4092 562 4143 conradus
574 4091 600 4140 ll
617 4093 735 4157 episcopo
748 4089 899 4142 Tridentino
915 4092 1065 4141 comitatum
1079 4092 1267 4153 Tridentinum,
1286 4090 1332 4153 qui
1351 4104 1409 4154 pars
1421 4089 1552 4140 marchiae
1564 4089 1700 4138 Bernensis
1717 4096 1779 4149 erat,

339 4161 570 4212 administrandum
586 4160 696 4211 tradidit
727 4161 847 4226 Exceptis
865 4160 997 4210 nonnullis
1014 4162 1163 4226 regionibus
1180 4161 1230 4211 hoc
1246 4160 1409 4220 territorium,
1428 4158 1451 4207 si
1468 4174 1520 4209 nou
1539 4158 1571 4208 ab
1589 4173 1658 4208 anno
1676 4155 1735 4217 952,
1753 4163 1782 4207 at

339 4240 409 4283 certe
430 4232 463 4282 ab
485 4246 554 4281 anno
573 4227 638 4280 1021
661 4229 695 4280 ad
717 4245 825 4295 regnum
843 4230 1014 4280 Teutonicum
1037 4230 1187 4295 pertinebat.
1223 4227 1331 4280 monio
1353 4228 1503 4295 dupdecimo
1527 4227 1640 4279 edictum
1658 4225 1780 4277 Friderici

340 4299 430 4365 (11612)
452 4300 604 4351 Tridentum
626 4299 699 4364 regni
721 4299 857 4349 Teutonici
883 4300 1012 4349 civitatum
1037 4300 1158 4350 nominat.
1198 4299 1244 4349 cir.
1264 4298 1359 4362 Durig,
1384 4297 1456 4349 Uber
1477 4297 1518 4347 die
1542 4294 1779 4347 stnatsrechtliclien

339 4369 521 4436 Beaiehungen
539 4369 585 4420 des
602 4368 781 4419 italienischeu
799 4368 990 4419 Laudestheiles
1009 4385 1060 4419 von
1071 4367 1143 4417 Tirol
1161 4384 1193 4417 zu
1206 4366 1384 4418 Deutsohland
1401 4366 1454 4417 und
1473 4366 1544 4417 Tirol
1557 4363 1658 4430 (1864),
1679 4366 1783 4430 Stamps

341 4439 367 4489 in
384 4436 578 4504 ‘Forschungen
602 4454 649 4488 aur
673 4437 813 4487 deutschen
836 4434 1000 4489 Geschichte’
1016 4438 1072 4502 XV,
1088 4435 1149 4499 159;
1173 4436 1258 4487 Waltz
1276 4434 1399 4499 v2,151;
1417 4434 1478 4497 VI',
1491 4432 1554 4498 37ος
1582 4435 1631 4485 Th.
1644 4434 1729 4485 Sickel
1752 4434 1779 4484 in

340 4509 444 4560 lOeGF.
457 4508 500 4571 Vl,
516 4508 564 4558 mo
581 4517 608 4557 et
624 4517 684 4558 tom.
702 4506 787 4573 suppl.
801 4508 833 4570 ll,
849 4504 897 4557 102
906 4524 944 4573 sq.

426 4592 448 4659 ’)
464 4595 551 4646 Stoull'
566 4593 584 4644 1.
597 4609 620 4644 e.
638 4590 663 4643 9.
683 4591 721 4643 10.

428 4672 450 4737 1)
468 4675 503 4723 Μ.
516 4675 548 4724 G.
560 4672 604 4723 66,
617 4688 664 4723 rer.
679 4672 775 4722 Meros.
788 4672 808 4733 1,
825 4669 881 4723 180.
915 4672 967 4722 cfr.
986 4672 1059 4723 Sav.¹
1077 4673 1110 4730 ll,
1125 4667 1188 4731 123;
1207 4670 1312 4735 Fitting,
1331 4669 1451 4735 Anthnge
1470 4666 1529 4720 160.

428 4749 450 4817 ⁴)
467 4751 503 4801 ll.
515 4752 547 4801 G.
566 4749 627 4800 ibid.
640 4752 660 4812 1,
672 4746 731 4800 695.

429 4827 451 4891 1)
469 4831 504 4879 Μ.
517 4829 549 4880 G.
561 4827 623 4878 ibid.
634 4828 667 4890 11,
679 4824 731 4877 999
740 4843 778 4892 sq.

428 4906 450 4972 1)
468 4906 564 4972 Migne,
583 4905 677 4955 Patrol.
695 4903 741 4955 lat.
759 4905 901 4967 CXXXIX,
919 4902 1017 4969 (itisq.

427 4982 450 5048 1)
468 4986 514 5035 cfr.
532 4983 607 5034 Sav.²
624 4984 658 5043 ll,
671 4980 743 5034 1101.

428 5063 450 5128 ⁸)
467 5063 613 5122 Perdessna
631 5062 778 5127 Diplomata
795 5061 900 5112 chartae
918 5070 966 5112 etc.
985 5058 1075 5125 (1849)
1093 5063 1126 5119 Il,
1140 5059 1172 5112 15
1181 5078 1218 5126 sq.
1254 5061 1306 5111 Cir.
1324 5060 1399 5110 Sar.¹
1417 5060 1449 5119 ll,
1464 5056 1522 5110 119.

428 5151 449 5209 1)
466 5151 533 5201 Acta
549 5157 695 5200 unctorum
713 5148 828 5199 Bollund.
846 5145 888 5199 ⁶25.
901 5150 953 5199 lan.
973 5163 998 5214 p.
1010 5145 1069 5198 639.
1104 5148 1200 5199 Conrat
1217 5149 1237 5206 I,
1251 5145 1309 5197 141.

419 5234 452 5302 11)
469 5234 603 5293 Mabillon,
615 5238 681 5286 Acta
693 5242 840 5285 sanctorum
852 5234 904 5284 ord.
918 5251 938 5284 s.
949 5234 1041 5285 Bened.
1052 5251 1117 5285 esea
1127 5236 1166 5285 ΙΙΙ
1183 5236 1202 5291 l,
1213 5231 1257 5294 79;
1276 5233 1348 5284 Suv.¹
1361 5234 1380 5291 1,
1391 5231 1452 5293 465ς
1471 5233 1577 5298 Fitting,
1589 5232 1709 5299 inunge
1719 5229 1777 5283 17⁸.

340 5306 442 5371 Quibus
460 5305 589 5372 littinges
605 5304 623 5354 1.
636 5321 658 5356 c.
677 5304 748 5355 addit
764 5304 935 5369 irsgmernum
953 5305 1021 5355 ritas
1039 5305 1064 5355 S.
1078 5304 1203 5355 Desiderii
1220 5303 1384 5355 caturcensis
1401 5303 1514 5369 episcopi
1532 5300 1709 5367 <eas-654),
1726 5317 1777 5367 quo

339 5384 431 5429 auctor
447 5376 596 5443 episcopum
612 5373 700 5441 legum
718 5375 891 5425 Romanarum
909 5374 1068 5439 indagationi
1085 5374 1214 5425 studuisse
1234 5373 1372 5425 contendit
