4517 6125
992 604 1024 618 —
1063 572 1251 633 CCCXXVIII
1287 606 1321 619 -—

435 752 506 805 qnae
532 731 648 790 ineunte
670 732 782 791 saeculo
803 749 876 791 nono
900 730 1005 789 ibidem
1029 734 1209 805 promulgata
1231 739 1303 790 eunt
1313 738 1333 802 ¹)
1374 733 1404 791 C.
1423 734 1462 791 XI
1483 733 1528 792 ‘de
1549 735 1619 790 rixa’
1641 733 1713 806 legis
1736 735 1883 792 &manae

436 822 574 877 Curiensis
592 823 639 888 IX,
655 822 705 887 1‚3
727 822 840 876 novella
861 825 917 887 est,
940 840 1005 877 nam
1028 822 1107 876 nulla
1124 821 1263 876 Breviarii
1287 821 1410 893 epitome
1432 840 1521 891 neque
1543 822 1742 893 interpretatio
1767 829 1884 894 praeter

435 909 595 964 Curiensem
613 909 702 964 actori
719 908 910 963 iusiurandum
929 907 1057 978 imponit,
1075 906 1100 962 si
1118 909 1155 963 ab
1173 907 1353 964 accusatione
1373 908 1487 979 prolata
1504 907 1637 965 desistere
1656 909 1725 964 vult.
1755 909 1883 980 Excepto

434 995 485 1050 illo
507 993 634 1051 Remedii
659 995 785 1067 capitulo
811 996 872 1050 sola
898 995 943 1050 lex
969 995 1095 1050 Renum
1120 993 1260 1050 Curiensis
1287 995 1493 1050 abiurationem
1519 994 1707 1050 accusationis
1733 1013 1784 1066 per
1810 995 1884 1050 iram

435 1081 528 1137 factae
546 1082 670 1152 praebet.
701 1081 771 1136 Dein
789 1082 835 1137 lex
852 1085 955 1146 nostra,
973 1098 1045 1150 quae
1064 1082 1093 1136 in
1107 1081 1234 1137 Remedii
1252 1081 1386 1152 capitulis
1398 1082 1436 1136 IX
1456 1085 1486 1138 et
1504 1081 1529 1136 X
1546 1088 1784 1150 commemoratur,
1802 1082 1885 1137 nulla

434 1168 494 1222 alia
511 1185 596 1237 qnam
614 1167 755 1223 Curiensis
776 1173 820 1224 est
840 1167 1011 1237 [xx1v,aa;
1033 1168 1081 1235 IX,
1095 1170 1118 1230 1.
1132 1170 1202 1232 3.4;
1226 1167 1273 1234 IX,
1288 1171 1328 1234 15,
1340 1171 1369 1232 2;
1393 1168 1440 1233 XI,
1453 1170 1478 1233 6,
1492 1169 1557 1239 1].²)
1593 1168 1698 1224 Charta
1721 1168 1884 1224 donationis

435 1254 502 1310 anni
523 1255 575 1310 852
593 1255 665 1324 (859)
692 1254 722 1309 in
748 1254 811 1310 vico
834 1254 973 1309 Vinomna
1000 1255 1045 1310 die
1072 1255 1159 1311 tertio
1182 1258 1248 1311 ante
1271 1255 1413 1311 Kalendas
1439 1255 1583 1311 lanuarias
1606 1257 1700 1312 metae
1727 1256 1884 1313 clausulam

435 1343 530 1405 habet,
553 1359 625 1411 quae
648 1359 710 1396 cnm
733 1342 796 1412 lege
814 1341 940 1397 Curiensi
959 1341 1103 1413 congruit:
1125 1342 1209 1415 ‘sicut
1227 1343 1272 1397 lex
1291 1342 1417 1397 continet
1435 1347 1555 1413 excepta
1571 1342 1693 1399 Faleicia
1711 1343 1883 1414 anteposita,

435 1429 489 1483 hoc
514 1432 557 1484 est
581 1431 683 1496 quarta
708 1427 857 1498 porcione’.
899 1429 955 1484 Lex
983 1428 1046 1499 ipsa
1070 1429 1150 1485 illam
1177 1432 1319 1498 quartam,
1346 1429 1426 1485 cuius
1450 1430 1666 1485 reservati0nem
1691 1430 1884 1500 compluribus

435 1516 506 1570 locis
525 1515 609 1586 [vul.
628 1517 652 1579 5,
670 1518 698 1579 1,
723 1514 867 1581 XVIII,8;
892 1515 980 1581 XXII,
999 1517 1042 1587 11]
1059 1515 1240 1586 praescribit,
1265 1516 1441 1584 ‘Falsiciam
1466 1515 1519 1570 boc
1544 1519 1587 1570 est
1609 1521 1739 1586 quartam
1764 1517 1885 1586 partem'

436 1602 594 1671 nominat.⁸)

521 1707 561 1761 Ex
579 1705 681 1762 Raetia
699 1703 823 1761 &riensi
840 1704 886 1760 lex
904 1705 1030 1760 Romana
1047 1705 1133 1761 etiam
1152 1705 1182 1759 in
1200 1710 1310 1776 partem
1324 1705 1426 1761 Tirolis
1443 1706 1634 1762 meridionalis
1652 1706 1788 1777 migrasse
1807 1706 1882 1761 vide-

436 1795 493 1858 tur;
512 1811 576 1848 nam
594 1793 620 1849 ei
639 1792 744 1873 ibidem
762 1811 828 1847 usus
845 1792 959 1861 quidam
978 1791 1094 1847 forensis
1113 1791 1242 1848 occurrit.

521 1898 599 1954 Duae
618 1897 733 1952 chartas
751 1896 831 1966 [1253
845 1896 892 1958 ΙΙΙ,
908 1895 951 1960 13,
972 1896 1038 1950 1213
1050 1896 1097 1956 VI.
1110 1897 1156 1966 29]
1173 1914 1244 1965 quas
1256 1897 1425 1953 Voltelinins
1444 1898 1461 1952 I.
1476 1915 1499 1953 c.
1518 1917 1545 1968 p.
1562 1900 1611 1953 149
1629 1896 1776 1967 protraxit,
1794 1897 1881 1952 bara·

436 1989 528 2040 turam
550 1987 717 2046 memorant,
739 1999 824 2050 qnam
850 1982 937 2037 etiam
964 1983 1050 2037 codex
1069 1982 1247 2038 Fabarieusis
1270 1984 1365 2039 habet.
1402 1984 1470 2040 Cum
1496 1983 1646 2039 donatione
1669 1983 1772 2038 ‘osculo
1797 1982 1883 2039 inter·

437 2069 575 2127 veniente’
593 2069 660 2123 iuris
673 2067 790 2122 Romani
810 2068 957 2123 cohaerere
975 2068 1093 2134 videtur,
1113 2068 1192 2123 cuine
1210 2087 1275 2124 usus
1293 2069 1323 2123 in
1341 2070 1555 2126 consuetudines
1570 2068 1783 2140 Francogalliee
1801 2069 1881 2124 meri-

436 2156 558 2213 dionalis
584 2155 705 2210 transiit.
747 2155 896 2210 Praeterea
922 2154 964 2209 ius
992 2155 1087 2211 dotale
1112 2155 1143 2209 in
1170 2155 1300 2224 partibus
1325 2154 1427 2210 Tirolis
1452 2155 1570 2212 Italicae
1597 2156 1733 2212 nonnulla
1760 2172 1794 2211 ex
1823 2155 1883 2210 iure

437 2245 562 2298 Romano
583 2241 672 2296 mixta
695 2259 756 2295 cuni
780 2240 1006 2295 institutionibus
1028 2240 1202 2296 Germanicis
1228 2242 1352 2312 praebet.
1390 2241 1468 2305 Quae
1496 2260 1530 2298 ex
1549 2243 1676 2298 Romano
1698 2242 1799 2306 habet,
1828 2259 1883 2296 non

437 2336 496 2386 tam
514 2348 548 2385 ex
560 2328 732 2383 Iustinianeo
750 2344 767 2381 a
784 2327 987 2398 glossatoribns
1004 2330 1128 2382 tractate
1147 2346 1230 2397 qnam
1249 2346 1283 2384 ex
1300 2329 1446 2400 longaevis
1467 2329 1535 2384 iuris
1549 2330 1668 2384 Romani
1681 2328 1806 2400 vulgaris
1819 2347 1882 2384 con·

437 2415 631 2473 suetudinibns
652 2417 866 2472 emanaverunt.
893 2432 965 2482 qnae
989 2415 1094 2484 partim
1119 2415 1183 2485 lege
1208 2415 1472 2470 Raetica-Curiami
1498 2417 1635 2472 nituntur.
1675 2416 1802 2485 Denique
1827 2433 1883 2472 non

436 2505 526 2558 solum
548 2504 685 2572 quaedam
708 2505 818 2556 statuta
836 2501 965 2567 Raetica,
988 2502 1036 2557 sed
1061 2501 1148 2558 etiam
1172 2501 1215 2556 ius
1234 2501 1377 2558 Tirolense
1395 2501 1501 2573 [privil.
1521 2501 1693 2573 Sigismundi
1716 2503 1883 2566 anni1451;

438 2594 524 2646 const.
543 2589 619 2644 crim.
638 2587 869 2655 Maximiliani13
892 2587 1005 2643 constit.
1024 2590 1115 2643 terrae
1135 2587 1220 2642 Tirol.
1239 2588 1305 2643 anni
1326 2589 1403 2652 1532;
1429 2604 1587 2643 communes
1604 2587 1760 2644 sententiae
1779 2587 1882 2654 (Weis-

437 2680 538 2746 ttmer)
557 2675 724 2745 Tirolenses]
746 2675 775 2728 in
797 2674 855 2728 illis
879 2674 1051 2745 praeceptis,
1075 2674 1224 2742 inquibus
1243 2674 1484 2730 matrimoniorum
1501 2675 1560 2730 sine
1579 2692 1712 2730 consensu
1731 2678 1882 2745 parentum

438 2767 644 2819 contractorum
661 2760 822 2815 auctoribus
839 2763 869 2815 et
886 2760 968 2815 sociis
987 2760 1069 2815 huius
1087 2760 1211 2814 criminis
1229 2778 1334 2831 poenas
1351 2764 1497 2828 statuunt,
1515 2780 1578 2817 cum
1596 2761 1655 2816 inre
1675 2760 1793 2831 antiquo
1811 2762 1884 2833 legis

438 2849 576 2904 Curiensis
595 2848 741 2903 cohaerere
760 2846 921 2915 videntur.⁴)

525 2953 610 3007 Usum
637 2952 772 3005 forensem
794 2950 850 3022 legi
870 2951 1012 3006 Romanae
1030 2951 1156 3006 Curiensi
1181 2951 1210 3005 in
1229 2951 1322 3007 Tirole
1343 2952 1520 3007 meridionali
1539 2951 1624 3008 fuisse
1641 2951 1797 3008 Voltelinio
1816 2951 1846 3021 [1.
1860 2970 1884 3007 c.

438 3057 466 3110 p.
487 3038 535 3094 147
547 3038 596 3108 aql
616 3035 702 3092 etiam
720 3053 754 3092 ex
771 3035 939 3106 quibusdam
950 3036 1124 3093 documentis
1137 3035 1329 3094 Tirolensibns
1340 3038 1483 3110 apparuit,
1502 3039 1532 3095 in
1545 3038 1646 3110 quibus
1658 3038 1763 3097 notatu
1776 3038 1884 3095 saeculi

439 3127 512 3181 XIII.
530 3130 560 3182 et
577 3124 650 3179 XIV.
669 3123 743 3178 iuter
760 3122 831 3177 alias
849 3123 988 3179 clausulas
1006 3124 1113 3179 chartis
1132 3123 1219 3180 etiam
1237 3125 1475 3181 renuntiationem
1486 3127 1626 3196 quandam
1640 3126 1785 3196 ‘antiquae
1803 3125 1884 3181 iuris·

439 3213 570 3268 dictionis
589 3209 717 3267 Raetiae’
733 3209 950 3281 adscripserunt.
986 3212 1063 3275 Quae
1087 3212 1182 3282 glossa
1206 3229 1269 3267 cum
1291 3212 1351 3268 iure
1371 3212 1559 3269 Theodosiani
1581 3212 1697 3283 antiquo
1715 3211 1787 3267 nibil
1811 3230 1884 3268 com·

438 3316 520 3355 mnne
538 3299 642 3354 babere
661 3297 777 3353 videtur.
813 3297 887 3352 Nam
909 3297 979 3353 haec
1003 3298 1087 3352 verba
1109 3315 1163 3353 non
1182 3302 1247 3353 sunt
1264 3298 1409 3354 reserenda
1431 3301 1468 3355 ad
1485 3300 1557 3355 illud
1575 3299 1643 3355 iuris
1660 3298 1884 3355 Anteiustiniani

439 3391 632 3458 praeceptum,
656 3403 711 3454 qno
733 3384 812 3439 uxori
834 3388 1034 3455 postmortem
1052 3384 1149 3439 mariti
1170 3384 1201 3439 in
1219 3387 1340 3441 favorem
1360 3386 1509 3441 liberorum
1527 3385 1687 3443 donationis
1705 3385 1884 3455 omniumque

439 3492 537 3540 rerum,
550 3491 619 3542 quas
632 3472 675 3526 vir
687 3472 713 3527 ei
728 3471 880 3537 dimiserat,
898 3472 973 3527 solus
991 3472 1164 3527 ususfructus
1178 3472 1411 3536 constituebatur,
1431 3472 1512 3542 eique
1530 3472 1554 3528 si
1572 3473 1609 3529 ad
1621 3473 1755 3529 secundas
1767 3471 1884 3542 nuptias

440 3577 602 3632 processura
619 3562 700 3624 esset,
718 3558 917 3627 imperabatur,
936 3561 968 3613 ut
986 3558 1056 3613 haec
1072 3557 1166 3614 omnia
1178 3558 1276 3613 liberis
1293 3558 1376 3629 primi
1395 3559 1530 3615 consortii
1547 3560 1710 3616 restitueret
1723 3560 1763 3628 [t.
1774 3560 1806 3615 R.
1819 3558 1883 3614 Cur.

439 3647 488 3711 III,
500 3647 529 3711 9;
547 3644 621 3709 XXI,
634 3644 668 3714 l],
686 3645 735 3701 sed
753 3649 785 3699 ut
804 3645 887 3699 Beata
905 3643 977 3714 [Riv.
990 3645 1024 3700 lt.
1038 3644 1151 3709 XXXV,
1164 3645 1216 3700 292
1223 3645 1271 3714 sq.]
1289 3645 1448 3715 nuperrime
1467 3651 1564 3702 contm
1576 3646 1759 3701 Voltelinium
1772 3646 1883 3702 demon·

440 3731 553 3796 stravit,
581 3732 667 3787 verba
688 3730 759 3786 nihil
786 3729 864 3785 aliud
887 3747 971 3798 quam
996 3730 1167 3800 prooemium
1192 3730 1269 3786 illius
1295 3730 1505 3788 constitutionis
1529 3732 1680 3789 Iustiniani
1704 3731 1883 3803 imperatoris

440 3818 480 3889 [C.
492 3821 514 3875 Ι.
527 3818 575 3882 IV,
587 3819 629 3882 29,
642 3816 688 3887 23]
710 3819 787 3881 sunt,
810 3834 866 3886 qna
884 3816 1037 3886 imperator
1059 3816 1257 3887 dispositiones
1274 3817 1327 3873 Sci
1347 3818 1487 3873 Velleiani
1510 3819 1640 3875 mutavit,
1677 3819 1723 3875 llli
1748 3818 1883 3875 beneficio

441 3904 648 3960 constitutionis
665 3902 815 3972 'Antiquae
832 3902 1033 3959 iurisdictionis
1049 3901 1129 3960 retia’
1146 3903 1250 3960 notarii
1266 3904 1423 3961 'I'irolenses
1440 3905 1591 3962 clientibus
1609 3905 1673 3971 suis,
1691 3908 1724 3960 ut
1741 3905 1882 3962 renuntia

439 3996 511 4058 rent,
531 3995 737 4062 persuaserunt.

527 4096 596 4152 Cum
617 4094 761 4150 Breviario
784 4094 871 4151 etiam
896 4093 1061 4166 compilatio
1084 4094 1313 4164 Candenaiana⁸)
1338 4096 1526 4167 comparanda
1550 4102 1602 4163 est,
1627 4114 1712 4166 qnam
1733 4094 1761 4149 in
1780 4095 1884 4151 finibus

440 4183 604 4240 Provinciae
623 4181 839 4253 Ostrogothicae
864 4186 929 4236 ante
950 4182 1092 4237 saeculum
1114 4198 1217 4236 nouum
1239 4187 1330 4238 ortam
1347 4198 1406 4239 esse
1425 4182 1561 4238 Conratus
1585 4186 1701 4253 putat.⁸)
1738 4184 1770 4237 In
1792 4182 1885 4253 prima

440 4270 523 4327 huius
542 4268 715 4324 collectionis
733 4273 814 4339 parte
832 4269 888 4323 fere
907 4272 998 4324 totum
1011 4267 1116 4323 Alarici
1129 4268 1370 4324 commonitorium
1387 4269 1500 4326 nomine
1511 4268 1595 4324 huius
1612 4269 1686 4340 regis
1699 4286 1763 4325 vero
1782 4269 1884 4323 omisso

441 4360 569 4428 apparet,
588 4358 640 4411 c.9
658 4359 688 4412 et
701 4357 732 4410 II
751 4356 890 4412 affinitate
909 4373 971 4410 curn
989 4354 1231 4425 interpretationis
1244 4355 1436 4428 Visigothicae
1455 4356 1491 4412 ad
1511 4357 1552 4411 Br.
1568 4355 1619 4411 I'h.
1633 4355 1679 4422 IV,
1692 4356 1744 4422 6,Ι
1764 4359 1794 4410 et
1811 4354 1883 4410 Nov.

531 4553 551 4615 ¹)
570 4553 607 4603 ed.
627 4554 735 4604 Zeumer
752 4554 779 4603 in
797 4555 833 4605 M.
846 4556 876 4605 G.
889 4555 941 4605 LL.
955 4555 985 4619 V,
997 4552 1092 4619 Idlsq.
1122 4554 1174 4604 Cir.
1193 4553 1288 4604 Stobbe
1307 4550 1403 4617 1,206;
1421 4554 1518 4605 Conrat
1533 4555 1555 4616 I,
1567 4551 1630 4617 2923
1649 4552 1806 4604 Schroeder⁴
1824 4550 1883 4605 252.

529 4640 550 4706 ¹)
569 4641 663 4691 sabbe
681 4643 702 4702 1,
714 4638 795 4703 sota
814 4643 922 4691 nemer
940 4642 1044 4692 arnor
1062 4638 1168 4703 1x‚49;
1187 4641 1284 4691 eoum
1301 4641 1320 4703 1,
1334 4638 1401 4690 aba*
1414 4641 1437 4676 et
1451 4639 1469 4691 ¹.

529 4726 550 4789 ⁸)
567 4728 734 4788 Wartmaun,
757 4727 966 4779 Urknndenbucb
990 4728 1035 4782 der
1055 4727 1132 4779 Abtci
1154 4727 1190 4778 St.
1215 4726 1308 4778 Gallen
1327 4729 1358 4787 ΙΙ,
1377 4724 1408 4778 41
1429 4728 1476 4779 No.
1495 4724 1560 4793 4213
1584 4730 1703 4779 Brunner
1728 4728 1754 4777 in
1777 4727 1884 4779 ZIRG!

441 4797 484 4859 1v,
497 4794 560 4856 265;
579 4799 687 4848 Zeumer
705 4797 798 4848 ibidem
818 4798 862 4859 IX,
877 4795 916 4848 12.

529 4882 550 4949 ⁴)
568 4883 689 4934 Voltelini
701 4885 729 4934 in
741 4884 831 4936 Xeniis
844 4884 990 4950 Biidingero
1002 4884 1093 4935 oblatis
1106 4902 1128 4950 p.
1140 4882 1200 4936 3⁴0.
1227 4884 1297 4936 Idem
1311 4885 1337 4935 iu
1347 4884 1450 4936 lOeGF.
1462 4892 1523 4935 tom.
1536 4883 1619 4949 suppl.
1633 4884 1675 4943 VI,
1689 4881 1736 4934 151
1745 4881 1793 4947 Η,
1809 4880 1883 4933 158¹.

529 4969 550 5035 ⁸)
569 4972 643 5034 Quae
660 4970 692 5019 de
709 4971 758 5020 hae
775 4969 953 5035 compilatione
975 4970 1092 5022 homines
1109 4971 1177 5021 docti
1202 4971 1370 5037 scripserunt,
1395 4972 1440 5022 cfr.
1459 4971 1530 5037 apud
1548 4971 1651 5021 Patstta
1669 4972 1723 5021 AC.
1742 4968 1840 5032 LIII,3
1858 4978 1885 5022 et

441 5038 556 5092 Schmidt
573 5039 681 5091 'esau’
698 5040 767 5103 XVI,
785 5038 884 5105 23bsq.

529 5124 550 5187 ⁸)
568 5125 663 5176 Conrat
680 5127 699 5187 I,
718 5123 777 5177 284.
813 5127 874 5176 Post
891 5126 1069 5178 Gaudentium
1094 5126 1185 5177 iterum
1209 5127 1310 5177 Patetta
1328 5125 1345 5177 1.
1364 5142 1386 5176 c.
1407 5123 1440 5175 10
1457 5142 1495 5190 sq.
1521 5126 1646 5193 originem
1666 5126 1780 5177 Italicam
1806 5126 1884 5177 buius

441 5195 628 5262 compilationis
650 5195 774 5257 defendit,
796 5196 840 5246 sed
862 5204 931 5248 recte
952 5197 976 5246 ei
995 5197 1109 5247 Schmidt
1126 5196 1144 5247 Ι.
1157 5213 1179 5247 c.
1198 5196 1349 5247 obversatus
1367 5194 1552 5246 demonstravit
1577 5195 1689 5247 codicem
1709 5195 1884 5247 Holkhsmen·

441 5283 506 5331 sem,
524 5281 557 5316 ex
574 5279 626 5329 que
643 5265 807 5315 Cendensiua
825 5281 881 5316 eam
899 5266 990 5328 edidit,
1012 5281 1090 5317 mann
1108 5265 1305 5330 Langobardos
1322 5264 1444 5331 scriptum
1462 5264 1631 5332 archetypum
1649 5264 1807 5316 collectionis
1826 5283 1881 5317 nou

440 5353 496 5388 ease
512 5335 664 5401 copiamque
681 5334 744 5384 iuris
756 5333 907 5399 Vistgothiei
926 5336 1135 5400 fragmentorum,
1147 5336 1242 5401 quibus
1254 5334 1364 5398 excellit,
1382 5333 1460 5385 aliam
1478 5335 1603 5400 originem
1621 5335 1742 5386 indicare.
1774 5336 1881 5388 Hslban

441 5409 475 5467 II,
493 5403 545 5457 343
562 5403 676 5471 opinioni
693 5404 798 5454 Conrati
815 5419 843 5455 se
861 5404 987 5455 adiunxit.
