4517 6125
1000 587 1034 598 -
1070 558 1158 614 cxvi
1193 589 1226 600 -

494 714 643 770 Praeterea
670 713 823 768 laterculus
851 716 944 768 nester
968 713 1044 783 prior
1066 713 1190 770 ostendit
1212 713 1347 771 lectiones
1373 720 1529 787 apparatus
1551 711 1655 787 passim
1679 715 1837 772 consentire

494 819 557 855 enm
576 801 605 854 E
620 805 650 856 et
673 800 715 855 ita
736 799 798 856 iure
816 800 910 856 referii
928 801 964 855 sd
983 801 1027 855 *E
1042 820 1076 857 ex
1094 801 1124 856 E
1140 801 1320 871 descriptum.
1356 802 1450 858 Etiam
1468 821 1519 873 per
1536 803 1638 859 librum
1657 803 1722 858 XVI
1741 801 1770 857 in
1788 821 1837 874 ap·

494 892 595 958 paratu
618 886 793 944 deficientem
816 905 887 956 quae
911 905 944 942 eo
968 887 1101 944 videlieet
1124 907 1189 943 usus
1208 888 1338 945 Guiacius
1360 888 1390 943 in
1414 888 1537 946 editione
1559 891 1681 946 secunda
1704 889 1836 953 mutavit,

496 975 628 1044 pleraque
647 975 764 1030 redeunt
782 974 818 1028 ad
836 973 939 1029 librum
952 975 1001 1029 *a
1015 1006 1048 1015 -
1062 974 1198 1031 Pithoeus
1216 977 1309 1030 utrum
1328 975 1452 1031 codicem
1465 977 1512 1030 *E
1527 975 1630 1032 viderit
1648 975 1837 1042 imminutum,

495 1064 527 1115 ιιι
545 1060 629 1116 hodie
646 1067 701 1125 est,
719 1060 829 1117 seilicet
847 1061 1028 1133 incipientem
1046 1063 1071 1125 3,
1081 1064 1145 1127 5‚5,
1164 1081 1200 1116 an
1219 1081 1236 1117 a
1256 1061 1395 1132 principio
1413 1062 1563 1133 integrum,
1582 1061 1764 1118 determinari
1782 1083 1838 1119 non

496 1151 600 1217 potest;
620 1166 685 1202 nam
696 1165 866 1217 quamquam
886 1147 943 1202 iam
961 1148 997 1203 ad
1014 1152 1126 1218 partem
1145 1148 1174 1203 in
1187 1149 1233 1202 *E
1249 1148 1423 1205 deficientem
1437 1148 1571 1205 Pithoeus
1588 1148 1660 1204 citat
1676 1148 1762 1205 libros
1781 1155 1839 1206 tres

495 1233 629 1289 breviarii
642 1233 726 1305 pleni,
745 1232 817 1298 inde,
837 1252 899 1289 cum
918 1253 972 1289 non
985 1239 1095 1290 constet
1111 1235 1171 1290 eius
1188 1254 1251 1291 eum
1268 1234 1419 1291 contulisse
1438 1234 1547 1290 codices
1565 1239 1621 1291 tres
1639 1235 1720 1302 solos,
1738 1235 1839 1308 colligi

495 1337 548 1374 non
568 1321 652 1377 debet
670 1321 714 1375 his
732 1321 802 1376 loeis
820 1322 1049 1393 comprehensum
1067 1339 1126 1377 esse
1146 1321 1270 1376 codicem
1289 1322 1339 1376 *a

448 1414 477 1482 h)
497 1415 595 1470 Plenas
614 1414 746 1472 breviarii
764 1415 851 1471 libros
870 1416 1004 1472 Pithoeus
1023 1415 1155 1471 adhibuit
1174 1421 1248 1472 certe
1268 1421 1331 1472 tres.
1367 1416 1429 1472 Duo
1447 1416 1576 1487 pluresve
1594 1416 1697 1485 reliqui
1715 1416 1763 1486 qui
1782 1417 1839 1473 lne-

495 1499 552 1554 rint
572 1500 596 1554 si
615 1501 785 1570 quaerimus,
809 1507 929 1574 apparet
951 1522 984 1559 ex
1003 1502 1140 1559 laterculo
1162 1507 1257 1558 nostro
1280 1502 1371 1572 priore
1394 1500 1564 1559 lectionesa
1583 1502 1701 1559 Pithoee
1725 1503 1839 1558 adlatas

497 1586 568 1641 alias
580 1605 683 1656 easque
696 1588 789 1658 plures
807 1589 897 1646 redire
916 1589 952 1645 ad
970 1590 1086 1645 classem
1105 1593 1229 1644 nostram
1246 1588 1397 1653 meliorem,
1416 1587 1446 1644 in
1463 1607 1520 1658 qua
1538 1590 1646 1652 est*1l‚
1664 1589 1738 1644 alias
1750 1590 1840 1644 multo

496 1672 613 1728 rariores
631 1674 723 1730 faeere
742 1693 806 1730 eum
823 1675 934 1730 PMLS.
971 1677 1075 1731 Horum
1093 1695 1163 1731 nnus
1182 1678 1277 1746 potest
1294 1675 1379 1731 luisse
1396 1675 1529 1739 nosterS,
1548 1674 1597 1744 qui
1615 1677 1645 1730 ει
1662 1693 1680 1730 a
1697 1673 1840 1746 principio

496 1758 607 1829 integer
629 1765 672 1817 est
696 1765 725 1817 et
749 1779 782 1818 eo
806 1765 931 1832 tempore
956 1762 1073 1818 Parisiis
1095 1763 1308 1827 adservabatur,
1338 1764 1472 1831 favetque
1496 1762 1523 1818 ei
1547 1760 1739 1827 coniecturae,
1764 1763 1841 1831 quod

498 1846 649 1912 12‚1‚2e‚1
674 1848 833 1918 corruptela
852 1850 1056 1918 prosecutionis
1082 1867 1133 1920 pro
1153 1849 1357 1917 procurationes
1380 1867 1397 1904 a
1421 1847 1540 1904 Pithoeo
1564 1847 1681 1904 inventa
1705 1848 1734 1902 in
1758 1847 1841 1904 libris

497 1933 604 1988 duobus
626 1934 706 1989 adest
723 1937 756 1989 ιιι
774 1934 803 1989 in
821 1935 851 1988 E
861 1935 907 1989 *E
926 1935 968 1990 ita
985 1934 1014 1989 in
1035 1935 1068 1999 S;
1091 1934 1224 1991 similiter
1241 1936 1316 2005 quod
1335 1935 1374 2000 19,
1385 1936 1410 2001 6,
1420 1935 1489 2001 293
1507 1935 1665 2005 corruptele
1685 1951 1704 1990 s
1719 1933 1840 1990 Pithoeo

497 2018 595 2074 adlata
613 2019 680 2076 item
700 2038 733 2076 ex
751 2020 832 2076 libris
850 2021 958 2076 duobus
976 2021 1113 2076 theudosio
1130 2040 1182 2093 pro
1200 2021 1294 2076 suedie
1310 2025 1354 2077 est
1377 2020 1453 2078 etin
1472 2022 1558 2075 w
1573 2025 1602 2078 et
1619 2020 1649 2076 in
1667 2020 1693 2075 S
1729 2019 1784 2075 Sed
1808 2023 1842 2075 ut

497 2105 644 2174 probabile
662 2110 706 2162 eet
723 2105 872 2164 Pithoeum
896 2109 1028 2165 habuisse
1047 2113 1159 2178 praeter
1178 2109 1224 2162 *E
1244 2107 1346 2164 librum
1369 2110 1420 2163 aut
1439 2107 1463 2163 S
1482 2107 1574 2179 ipsum
1599 2109 1650 2163 aut
1668 2111 1743 2163 certe
1766 2105 1842 2161 simi·

497 2191 560 2256 lein,
579 2197 725 2262 praeterea
744 2213 798 2249 nno
816 2199 891 2251 certe
910 2195 1005 2250 codice
1024 2213 1088 2249 usus
1106 2197 1150 2250 est
1167 2195 1290 2250 habente
1308 2194 1442 2250 lectiones
1459 2211 1513 2249 non
1531 2211 1637 2263 paucas
1654 2212 1672 2248 a
1684 2196 1841 2248 nostrornm

499 2277 633 2333 librorum
650 2278 746 2335 formis
763 2281 867 2351 passim
885 2283 1054 2338 recedentes.
1089 2281 1265 2351 Exemplaris
1283 2280 1468 2343 Siehardiani,
1486 2280 1523 2334 ad
1540 2279 1615 2348 qnod
1633 2277 1711 2334 Petri
1728 2277 1842 2333 Pithoei

500 2363 554 2417 dno
567 2364 673 2420 sariam
685 2366 835 2422 lectionem
848 2367 975 2423 codicum
988 2365 1196 2438 deperditarum
1214 2365 1428 2435 adscripserunt,
1448 2364 1478 2420 in
1494 2365 1547 2420 hoe
1563 2368 1705 2434 apparatu
1718 2362 1842 2434 vestigia

499 2449 579 2504 nulla
596 2456 766 2521 comparent.

457 2546 483 2612 c)
502 2543 631 2600 codicem
646 2551 730 2601 antea
742 2547 869 2612 Puteani‚
883 2547 966 2604 hodie
979 2548 1137 2603 Parisinum
1149 2548 1218 2602 4409
1227 2548 1258 2613 Α,
1275 2565 1357 2616 quem
1369 2563 1455 2616 snpra
1473 2565 1500 2617 p.
1510 2544 1614 2599 XCVII
1631 2544 1726 2600 monui
1744 2543 1810 2600 inde
1824 2563 1842 2600 a

500 2630 571 2686 libro
583 2648 656 2686 nono
669 2633 885 2690 constitutiones
897 2652 981 2705 saepe
995 2652 1148 2706 proponere
1161 2634 1294 2706 integras,
1307 2631 1411 2704 passim
1424 2631 1604 2702 adsumptum
1616 2647 1675 2687 esse
1692 2648 1710 2685 a
1722 2629 1842 2686 Pithoeo

500 2715 634 2773 lectiones
654 2718 680 2773 ei
704 2720 833 2790 propriae
851 2720 1007 2791 complures
1025 2721 1176 2776 ostendunt
1197 2720 1227 2774 in
1246 2720 1401 2776 Pithoeano
1419 2723 1560 2789 apparatu
1579 2717 1734 2773 redeuntes.
1770 2716 1842 2771 Eun·

500 2801 563 2856 dem
581 2801 683 2859 librum
696 2805 830 2862 Pithoeus
848 2807 990 2878 intellegit
1007 2807 1036 2862 in
1055 2806 1236 2863 adnotatione
1254 2806 1290 2861 ad
1304 2805 1404 2860 Gaium
1420 2801 1554 2859 breviarii
1572 2803 1658 2868 2,1,4
1675 2805 1740 2872 post
1757 2803 1843 2858 verba

500 2892 529 2940 ut
547 2888 639 2942 tabirla
653 2893 777 2958 pictrrrae
793 2892 868 2947 cedat
886 2894 1042 2964 adscripta:
1060 2910 1092 2948 ea
1109 2899 1201 2947 tamea
1217 2893 1383 2959 maritione,
1400 2897 1432 2944 at
1449 2895 1580 2959 matum
1597 2888 1686 2943 erato
1704 2890 1843 2943 ιιιειιοηιια

499 2975 582 3039 faerit
600 2977 638 3029 arl
654 2979 793 3034 mercedem
806 2981 941 3049 pertineat
958 2980 1068 3050 factoris
1087 2979 1154 3034 Pet.
1170 2984 1231 3047 oet.;
1252 2997 1317 3033 nam
1335 2977 1478 3033 consultus
1496 2974 1629 3031 (litardus
1645 2973 1790 3044 rescripsit
1808 2994 1843 3031 ea

501 3061 597 3117 adesse
619 3064 648 3118 in
671 3065 767 3122 codiee
790 3084 822 3123 eo
845 3068 879 3124 de
897 3087 952 3138 quo
975 3067 1092 3139 agimus.
1126 3066 1219 3122 Verba
1241 3064 1331 3122 codici
1353 3064 1490 3135 inscripta
1506 3065 1578 3119 ‘1585
1595 3063 1707 3117 ooatati'
1723 3064 1843 3119 fortasse

500 3149 644 3217 pertinent
661 3154 698 3207 ad
716 3153 806 3224 ipsum
826 3156 1002 3210 Praecianum
1021 3154 1178 3211 Pithoeum.

453 3242 482 3309 d)
503 3242 620 3300 Parisini
633 3248 702 3304 4408
715 3253 821 3305 eertum
839 3250 990 3322 vestigium
1005 3250 1116 3321 repperi
1135 3251 1171 3305 ad
1183 3251 1208 3314 2,
1219 3250 1269 3314 7,3
1287 3249 1316 3303 in
1334 3246 1537 3317 subscriptione
1556 3246 1726 3314 postremae
1744 3243 1844 3299 addita

502 3331 587 3386 verba
601 3350 708 3402 propos.
727 3336 764 3390 ad
780 3345 917 3406 senatum
934 3356 998 3392 nam
1017 3356 1051 3393 ea
1070 3337 1112 3393 ita
1131 3336 1155 3393 is
1173 3337 1259 3392 codex
1277 3336 1352 3391 solus
1370 3335 1457 3391 habet
1475 3335 1587 3403 praeter
1604 3331 1634 3385 0.

456 3426 482 3491 e)
502 3426 628 3567 ngisino
646 3431 714 3487 4499
739 3432 887 3489 Pithoeum
913 3452 993 3489 usum
1017 3452 1075 3489 esse
1100 3432 1247 3504 probabile
1272 3435 1315 3487 est
1337 3432 1454 3503 propter
1471 3425 1621 3485 lectionem
1645 3427 1731 3491 9,1,9
1756 3444 1843 3495 supra

502 3530 520 3566 a
550 3517 635 3571 atam.

458 3609 484 3677 f)
504 3610 544 3664 Ex
562 3611 688 3668 Parisino
707 3616 776 3670 4412
796 3617 891 3686 (supra
909 3635 936 3687 p.
950 3614 1078 3683 XCVIII)
1097 3612 1214 3670 veniunt
1231 3630 1302 3684 quae
1321 3612 1357 3666 ad
1375 3611 1468 3666 lecum
1482 3610 1640 3681 Papiniani,
1660 3608 1689 3664 in
1706 3625 1761 3677 qno
1779 3606 1845 3661 Bre-

505 3696 624 3753 viarium
642 3700 712 3765 finit,
733 3701 867 3758 Pithoeus
885 3700 1049 3771 adscripsit:
1068 3700 1101 3756 de
1119 3698 1370 3755 aestimarem.
1401 3697 1597 3766 interpretatio.
1626 3695 1680 3765 Qui
1760 3693 1845 3761 putri·

502 3788 594 3837 aatur.
631 3786 753 3855 Explicit
771 3789 844 3843 liber.

456 3870 486 3936 g)
505 3869 544 3922 Ex
563 3869 690 3926 Parisino
707 3873 777 3927 4413
794 3874 928 3931 Pithoeus
951 3874 1038 3929 traxit
1063 3873 1183 3929 indicem
1207 3871 1353 3927 titulorum
1378 3869 1444 3925 libri
1466 3866 1565 3939 primi,
1590 3870 1624 3924 de
1647 3886 1702 3937 quo
1726 3865 1846 3922 diximus

504 3973 531 4024 p.
549 3956 690 4022 LXXXV3
716 3979 779 4016 eum
803 3961 876 4016 enim
902 3961 930 4015 in
952 3963 1004 4015 line
1030 3959 1179 4015 voluminis
1203 3958 1335 4029 proponit
1357 3959 1518 4026 excerptum
1541 3955 1593 4010 snb
1616 3952 1792 4023 praescripto
1814 3968 1847 4006 ea

503 4042 599 4096 scheda
621 4044 699 4098 caira
721 4047 818 4100 titulus
840 4053 897 4101 erat
918 4047 1073 4101 desemine
1095 4046 1254 4113 officialium
1273 4045 1320 4113 qui
1337 4059 1430 4097 curam
1446 4041 1551 4112 perabat
1570 4040 1630 4111 [sie]
1650 4040 1760 4107 antiquo
1777 4038 1846 4092 iare.

456 4137 485 4202 h)
507 4137 691 4194 Parisinornnr
716 4143 785 4197 4414
806 4147 835 4198 ει
856 4143 925 4196 4415
948 4143 1067 4197 alterum
1094 4145 1186 4196 utrum
1212 4140 1369 4209 inspectum
1394 4155 1452 4193 esse
1480 4154 1513 4191 ea
1536 4135 1693 4198 declarant,
1719 4150 1792 4201 quae
1817 4132 1847 4187 in

504 4223 640 4280 laterculo
659 4226 811 4296 posteriore
830 4228 1000 4284 adnotantur
1018 4228 1054 4282 sd
1072 4229 1097 4292 9,
1109 4229 1131 4291 1,
1143 4229 1176 4281 19
1192 4229 1223 4282 ει
1242 4225 1367 4288 12,1,47.
1816 4236 1820 4244 ·

465 4317 485 4386 i)
504 4319 543 4373 Ex
562 4319 687 4377 Parisino
699 4324 767 4379 4419
786 4327 897 4394 praeter
915 4323 1226 4387 adnotataad9,14,2
1245 4319 1323 4376 venit
1341 4318 1471 4387 quiante
1491 4313 1639 4370 voluminis
1658 4313 1780 4369 indicem
1799 4314 1846 4368 ad-

502 4405 624 4477 scriptus
641 4412 685 4465 est
703 4410 835 4483 prologus
852 4410 993 4482 epitomae
1011 4408 1141 4465 monaehi
1161 4407 1189 4461 in
1207 4424 1240 4463 eo
1259 4405 1330 4461 libre
1349 4405 1408 4459 selo
1427 4405 1562 4457 servatus.

457 4502 486 4568 k)
504 4502 692 4559 Auctoritatis
710 4503 888 4560 Alarieianae
906 4505 961 4559 duo
979 4507 1054 4560 certe
1072 4500 1245 4572 exemplaria
1257 4500 1392 4555 Pithoeus
1410 4494 1539 4558 excussit,
1558 4513 1631 4564 quae
1650 4512 1723 4564 qnae
1742 4495 1848 4550 luerint

504 4589 684 4645 determinari
709 4607 762 4645 non
788 4594 894 4660 potest,
922 4593 955 4644 ut
981 4591 1128 4659 praeterea
1154 4605 1264 4655 quoque
1291 4585 1382 4639 multa
1407 4581 1435 4635 in
1462 4585 1634 4651 apparatum
1660 4580 1848 4636 Pithoesnnm

505 4674 596 4729 relata
614 4676 650 4730 ad
668 4680 773 4731 certum
793 4678 935 4731 auctorem
953 4673 1048 4729 referri
1066 4675 1217 4742 nequeunt.
1254 4669 1344 4725 Utilia
1366 4667 1402 4730 is,
1424 4670 1563 4735 qnatenus
1584 4665 1665 4722 uobis
1688 4667 1849 4723 detumeat

506 4760 637 4824 iudicare,
657 4762 783 4818 continet
800 4761 878 4816 nulls
896 4764 926 4816 et
943 4761 996 4815 hoe
1014 4759 1103 4815 solnm
1122 4777 1155 4815 ειι
1172 4760 1267 4812 nostra
1284 4751 1489 4809 examinatione
1502 4752 1622 4807 efficitur
1635 4750 1781 4806 Cuiacinm
1793 4770 1848 4807 non

505 4849 581 4902 recte
600 4847 751 4903 editionem
770 4849 888 4903 alteram
908 4846 1011 4916 passim
1030 4845 1066 4899 ad
1085 4844 1242 4899 Pitheeana
1264 4842 1334 4895 haee
1353 4837 1506 4893 mutavisse
1529 4840 1580 4891 aut
1602 4838 1675 4892 salsa
1698 4842 1748 4893 ant
1772 4842 1848 4894 certe

506 4932 584 4987 nullo
603 4933 702 4988 idoneo
720 4937 834 4987 auctore
852 4936 967 4987 testata.

490 5035 644 5090 IACOBVS
662 5035 902 5090 GODOPREDVS
921 5032 1089 5088 Genevensis
1107 5029 1309 5098 (laer-1652),
1329 5025 1407 5081 euius
1425 5025 1618 5080 commentarii
1639 5025 1666 5078 in
1680 5024 1849 5080 Theodosia·

404 5139 469 5176 num
489 5126 552 5191 post
569 5121 658 5191 ipsius
676 5120 784 5176 obitum
802 5118 967 5191 prodierunt
983 5116 1104 5188 primurn
1123 5135 1190 5171 eura
1207 5112 1322 5168 Antonii
1339 5109 1475 5165 Marvillii
1494 5110 1623 5181 Lugduni
1643 5111 1723 5173 1665,
1746 5110 1849 5166 iteruin

404 5223 471 5263 cnra
490 5206 621 5263 Iohannis
640 5206 763 5262 Danielis
781 5204 884 5260 Ritteri
897 5200 1153 5273 Wittenbergensis
1171 5199 1283 5270 Lipsiae
1303 5197 1489 5261 lise-1745,
1512 5196 1591 5266 quali
1614 5195 1741 5251 decuma
1759 5196 1849 5264 quali·

405 5314 459 5367 qne
478 5294 635 5367 sagacitate
654 5292 887 5348 constitutionum
905 5291 977 5344 hanc
995 5288 1122 5358 syllegen
1142 5283 1298 5349 illustrarit,
1317 5300 1397 5337 nemo
1415 5283 1514 5337 horum
1532 5286 1689 5351 temporum
1707 5281 1849 5337 studiosus

406 5385 451 5440 rel
475 5383 558 5440 hodie
582 5384 646 5458 post
668 5381 732 5455 plus
754 5380 809 5436 duo
831 5377 945 5436 secema
968 5375 1087 5448 ignora.
1122 5373 1196 5429 Nam
1215 5387 1385 5442 quamquam
1407 5369 1435 5425 in
1452 5368 1571 5425 historia
1592 5369 1705 5423 etcum
1729 5385 1763 5422 ee
1786 5385 1849 5423 een-
