4517 6125
1033 592 1067 605 ..
1102 563 1154 618 xx
1190 595 1222 606 -

432 709 693 769 Gauuomuuvs
915 716 1196 775 THEODOSIANVS
1338 772 1340 777 .
1503 721 1740 780 lVS'I'INIANVS

742 834 775 889 35
795 835 827 892 de
846 835 1005 910 privilegiis
1022 858 1129 906 eorum,
1152 841 1253 912 quiin
1273 841 1361 898 sacris
1391 841 1474 905 1328
1492 841 1527 899 de
1546 862 1586 913 pr.
1605 863 1628 900 e.
1647 845 1696 914 qui
1720 846 1749 901 in
1772 865 1852 905 sacro

793 921 904 977 scriniis
922 924 1083 981 militarunt
1439 928 1549 999 palatio
1565 931 1693 988 militant

741 1006 775 1062 36
793 1008 827 1065 (16
854 1011 989 1106 castrensi
1018 1012 1141 1068 omnium
1172 1013 1363 1084 palatinorum
1390 1015 1474 1083 1330
1492 1037 1526 1062 =

740 1180 775 1234 31
793 1094 968 1250 (1601316616
987 1181 1128 1253 dignitate
1390 1186 1471 1251 1331
1492 1210 1525 1233 =

745 1264 831 1320 3866
850 1267 1101 1337 perfectissimatus
1119 1267 1260 1341 dignitate
1392 1272 1474 1337 1332
1493 1296 1526 1322 =

840 1422 1087 1479 THEODOSIANI
1110 1423 1219 1480 LIBER
1242 1425 1421 1481 SEPTIMVS

406 1521 655 1586 1661.1335,1-8
761 1527 828 1582 166
846 1545 876 1583 re
894 1527 1013 1584 militari
1389 1528 1473 1595 1335
1492 1554 1524 1576 --

762 1613 779 1667 2
801 1613 869 1682 quid
890 1614 1009 1685 probare
1027 1614 1148 1670 debeant
1166 1615 1202 1671 ad
1220 1633 1360 1686 quamque

794 1698 929 1755 militiam
947 1699 1090 1756 venientes

759 1784 857 1854 36616
875 1784 904 1840 16
921 1786 1011 1856 gradu
1030 1786 1205 1856 praeferatur

758 1870 828 1925 466
846 1871 1008 1941 erogatione
1025 1871 1158 1926 militaris
1176 1891 1301 1930 annonae
1388 1873 1428 1938 12,
1437 1873 1472 1927 37
1491 1897 1524 1919 =

517 1948 520 1953 ’
635 1969 639 1975 ’
674 1977 676 1981 ’
758 1956 828 2011 566
853 1957 1015 2013 excoctione
1043 1961 1072 2013 61
1099 1958 1283 2015 translations
1311 1978 1358 2015 an·
1388 1959 1517 2024 133866
1530 1974 1587 2014 exc.
1597 1959 1627 2012 et
1640 1961 1673 2012 tr.
1684 1957 1851 2015 militarium

792 2059 925 2097 nonarum
1438 2062 1611 2100 annonarum

758 2128 775 2182 6
793 2127 826 2183 de
844 2126 963 2184 militari
981 2133 1058 2185 veste
1388 2130 1471 2195 1339
1490 2153 1523 2176 =

759 2211 827 2268 766
845 2212 958 2283 pascuis
1387 2217 1427 2281 11,
1438 2216 1469 2270 61
1489 2216 1523 2271 (16
1542 2213 1655 2286 pascuis
1677 2213 1800 2284 publicis
1822 2219 1853 2272 et

1438 2300 1559 2372 privatis

758 2386 775 2440 8
794 2387 828 2441 de
846 2384 960 2441 metatis
1388 2387 1472 2451 1340
1490 2388 1524 2442 de
1537 2386 1652 2443 metatis
1664 2388 1694 2442 et
1711 2385 1851 2456 epideme·

1438 2471 1504 2528 ticis

758 2556 827 2614 906
853 2558 980 2630 salgamo
1009 2558 1169 2629 hospitibus
1197 2578 1251 2615 non
1282 2578 1359 2630 prae-
1388 2558 1469 2624 1341
1490 2583 1523 2605 =

793 2642 883 2700 bendo

744 2730 776 2785 10
793 2747 827 2786 ne
845 2728 909 2799 quis
925 2730 955 2784 in
974 2730 1091 2800 palatiis
1108 2735 1222 2786 maneat

743 2817 828 2872 1166
858 2815 1008 2872 comitibus
1037 2821 1067 2872 et
1096 2815 1216 2872 tribunis
1246 2817 1360 2872 lavacra
1405 2817 1427 2881 1,
1437 2818 1471 2871 47
1490 2839 1523 2862 =

794 2905 973 2972 praestentur

743 2987 775 3041 12
793 2986 828 3042 de
846 2993 1003 3044 commeatu
1388 2989 1472 3054 1342
1491 3011 1523 3034 =

744 3074 776 3130 13
794 3073 828 3130 de
846 3073 986 3130 tironibus
1388 3075 1472 3140 1343
1491 3098 1523 3122 =

743 3161 775 3215 14
793 3160 827 3216 de
844 3160 985 3230 burgas-iis

743 3246 775 3300 15
793 3246 827 3302 de
845 3245 927 3301 tcrris
945 3245 1100 3302 limitaneis

743 3334 775 3387 16
793 3332 827 3387 (16
845 3330 960 3387 litomm
977 3335 1007 3387 61
1024 3331 1157 3387 itinerum
1175 3332 1303 3388 custodia
1388 3334 1474 3397 1344
1493 3357 1525 3379 =

743 3419 775 3474 17
794 3418 828 3473 de
846 3416 957 3473 lusoriis
975 3416 1097 3472 Danuvii
1237 3475 1241 3483 ,

743 3504 776 3559 18
793 3505 827 3560 (16
857 3502 1046 3560 desertoribus
1075 3506 1104 3558 61
1139 3504 1360 3559 occultatoribus
1388 3504 1473 3569 1345
1491 3527 1524 3551 =

793 3606 889 3645 corum

743 3674 828 3730 1966
854 3671 1009 3729 8616116616
1035 3678 1065 3729 61
1091 3672 1305 3731 Subafrcnsibus
1331 3679 1360 3732 61

794 3759 1014 3815 occultatcribus
1033 3777 1127 3816 eorum

743 3846 777 3900 20
796 3846 830 3901 (16
850 3844 988 3901 veteranis
1389 3846 1429 3911 12,
1439 3845 1474 3900 46
1492 3868 1525 3891 =

742 3932 775 3986 21
795 3931 829 3987 (16
848 3930 1032 3987 testimoniali
1056 3949 1089 3986 ex
1108 3929 1228 3988 tribunis
1253 3935 1282 3989 61
1300 3950 1360 4005 pro·

794 4015 949 4072 tectoribus

742 4102 776 4158 22
796 4103 830 4159 (16
847 4101 913 4157 61116
930 4100 1097 4158 militarium
1114 4101 1310 4173 apparitorum
1332 4106 1361 4159 61
1389 4103 1429 4168 12,
1437 4103 1472 4157 41
1484 4102 1519 4159 (16
1530 4101 1596 4157 61116
1605 4100 1768 4157 officialium
1779 4101 1852 4156 mili·

794 4191 989 4245 veteranorum
1438 4188 1544 4244 tarium
1561 4186 1611 4258 qui
1629 4186 1658 4243 in
1676 4187 1752 4245 bello
1770 4186 1852 4243 mori·

1440 4279 1525 4331 untur

742 4361 776 4417 23
795 4362 829 4420 de
846 4358 992 4418 oblatione
1010 4379 1144 4431 equorum

742 4448 778 4503 24
794 4448 829 4503 (16
847 4446 990 4504 oblatione
1008 4450 1136 4503 votorum
1390 4446 1473 4512 1348
1492 4471 1525 4495 =

846 4583 1094 4640 THEODOSIANI
1118 4582 1228 4638 LIBER
1250 4583 1418 4640 OCTAVVS

762 4691 774 4744 1
795 4688 830 4745 (16
845 4687 1022 4752 numerariis,
1041 4686 1188 4752 actuariis,
1209 4686 1363 4743 scriniariis
1390 4688 1474 4753 1349
1493 4686 1527 4742 (16
1539 4682 1704 4739 numerariis
1718 4683 1853 4739 actuariis

794 4777 824 4830 61
842 4773 1038 4843 exceptoribus
1440 4775 1470 4830 et
1490 4768 1670 4828 chartulariis
1692 4774 1722 4827 et
1743 4769 1853 4828 661616

1439 4858 1517 4914 ribus
1534 4855 1688 4912 scriniariis
1707 4859 1737 4912 et
1755 4873 1852 4928 excep·

1441 4942 1549 5000 toribus
1565 4948 1611 4997 661.

759 5033 776 5087 2
793 5030 828 5087 (16
846 5030 1007 5096 tabulariis,
1030 5032 1180 5103 logografis
1201 5036 1231 5089 61
1250 5049 1361 5088 666666
1389 5031 1430 5097 10,
1441 5031 1472 5085 ’11
1487 5029 1520 5084 (16
1533 5031 1554 5083 t.
1563 5027 1663 5085 scribis
1674 5028 1729 5097 log.
1740 5029 1771 5082 61
1779 5045 1851 5083 cens.

793 5115 869 5172 libus

759 5201 828 5258 366
858 5200 1016 5273 privilegiis
1045 5201 1241 5273 apparitorum
1274 5202 1362 5276 magi·
1390 5204 1475 5267 1354
1493 5202 1527 5258 (16
1540 5200 1751 5273 apparitoribus
1764 5198 1854 5271 magi·

745 5323 748 5330 ·
795 5286 897 5344 sterioe
915 5287 1067 5359 potestatis
1440 5289 1559 5344 atrorum
1576 5285 1700 5341 militum
1720 5289 1750 5342 et
1768 5285 1853 5357 privi-

1440 5373 1524 5447 legiis
1542 5390 1637 5431 eorum
