<?xml version="1.0" encoding="UTF-8"?>
<!DOCTYPE html PUBLIC "-//W3C//DTD XHTML 1.0 Transitional//EN"
    "http://www.w3.org/TR/xhtml1/DTD/xhtml1-transitional.dtd">
<html xmlns="http://www.w3.org/1999/xhtml" xml:lang="en" lang="en">
 <head>
  <title>
</title>
<meta http-equiv="Content-Type" content="text/html;charset=utf-8" />
  <meta name='ocr-system' content='tesseract 3.04.00' />
  <meta name='ocr-capabilities' content='ocr_page ocr_carea ocr_par ocr_line ocrx_word'/>
</head>
<body>
  <div class='ocr_page' id='page_1' title='image "./theodosianilibr00sirmgoog_0132.png"; bbox 0 0 4517 6125; ppageno 0'>
   <div class='ocr_carea' id='block_1_1' title="bbox 996 544 1249 607">
    <p class='ocr_par' dir='ltr' id='par_1_1' title="bbox 996 544 1249 607">
     <span class='ocr_line' id='line_1_1' title="bbox 996 544 1249 607; baseline -0.004 0"><span class='ocrx_word' id='word_1_1' title='bbox 996 581 1031 591; x_wconf 91' lang='lat'>-</span> <span class='ocrx_word' id='word_1_2' title='bbox 1066 544 1181 607; x_wconf 76' lang='lat' dir='ltr'><strong><em>CXXIV</em></strong></span> <span class='ocrx_word' id='word_1_3' title='bbox 1216 576 1249 592; x_wconf 77' lang='lat'><em>-</em></span> 
     </span>
    </p>
   </div>
   <div class='ocr_carea' id='block_1_2' title="bbox 438 698 1849 1727">
    <p class='ocr_par' dir='ltr' id='par_1_2' title="bbox 438 698 1849 1727">
     <span class='ocr_line' id='line_1_2' title="bbox 439 698 1691 780; baseline 0.001 -15"><span class='ocrx_word' id='word_1_4' title='bbox 439 706 510 776; x_wconf 75' lang='lat' dir='ltr'><strong>leo.</strong></span> <span class='ocrx_word' id='word_1_5' title='bbox 522 711 546 775; x_wconf 83' lang='lat'><strong>2,</strong></span> <span class='ocrx_word' id='word_1_6' title='bbox 558 708 589 764; x_wconf 76' lang='lat'><strong>*3</strong></span> <span class='ocrx_word' id='word_1_7' title='bbox 624 704 831 780; x_wconf 89' lang='lat' dir='ltr'><strong>conprehendet</strong></span> <span class='ocrx_word' id='word_1_8' title='bbox 849 707 877 763; x_wconf 78' lang='lat' dir='ltr'><strong><em>L</em></strong></span> <span class='ocrx_word' id='word_1_9' title='bbox 1258 700 1463 777; x_wconf 74' lang='lat' dir='ltr'><strong>conprehendit</strong></span> <span class='ocrx_word' id='word_1_10' title='bbox 1480 711 1510 763; x_wconf 89' lang='lat' dir='ltr'><strong>et</strong></span> <span class='ocrx_word' id='word_1_11' title='bbox 1528 701 1559 763; x_wconf 79' lang='lat' dir='ltr'><strong><em>E</em></strong></span> <span class='ocrx_word' id='word_1_12' title='bbox 1576 698 1642 777; x_wconf 78' lang='lat' dir='ltr'><strong>(def.</strong></span> <span class='ocrx_word' id='word_1_13' title='bbox 1656 699 1691 772; x_wconf 79' lang='lat' dir='ltr'><strong>Vl</strong></span> 
     </span>
     <span class='ocr_line' id='line_1_3' title="bbox 438 795 1847 866; baseline 0 -15"><span class='ocrx_word' id='word_1_14' title='bbox 438 797 479 862; x_wconf 92' lang='grc'><strong>16,</strong></span> <span class='ocrx_word' id='word_1_15' title='bbox 489 797 513 862; x_wconf 89' lang='grc'><strong>6,</strong></span> <span class='ocrx_word' id='word_1_16' title='bbox 521 798 572 861; x_wconf 84' lang='grc'><strong>4,5</strong></span> <span class='ocrx_word' id='word_1_17' title='bbox 625 799 831 853; x_wconf 86' lang='lat' dir='ltr'><strong>sacrosanctum</strong></span> <span class='ocrx_word' id='word_1_18' title='bbox 849 795 880 849; x_wconf 84' lang='grc' dir='ltr'><em>Ε</em></span> <span class='ocrx_word' id='word_1_19' title='bbox 1260 797 1469 850; x_wconf 88' lang='lat' dir='ltr'><strong>sacrosanctum</strong></span> <span class='ocrx_word' id='word_1_20' title='bbox 1487 795 1572 852; x_wconf 91' lang='lat' dir='ltr'><strong>semel</strong></span> <span class='ocrx_word' id='word_1_21' title='bbox 1595 797 1671 866; x_wconf 88' lang='lat' dir='ltr'><strong>apud</strong></span> <span class='ocrx_word' id='word_1_22' title='bbox 1688 796 1847 853; x_wconf 88' lang='lat' dir='ltr'><strong>catholicos</strong></span> 
     </span>
     <span class='ocr_line' id='line_1_4' title="bbox 1293 879 1657 951; baseline 0.005 -15"><span class='ocrx_word' id='word_1_23' title='bbox 1293 879 1429 937; x_wconf 86' lang='lat' dir='ltr'><strong>traditum</strong></span> <span class='ocrx_word' id='word_1_24' title='bbox 1447 881 1498 936; x_wconf 87' lang='grc' dir='ltr'><strong>ΥΟ</strong></span> <span class='ocrx_word' id='word_1_25' title='bbox 1514 882 1580 951; x_wconf 79' lang='lat' dir='ltr'><strong>(def.</strong></span> <span class='ocrx_word' id='word_1_26' title='bbox 1590 882 1657 951; x_wconf 84' lang='lat' dir='ltr'><strong>VD)</strong></span> 
     </span>
     <span class='ocr_line' id='line_1_5' title="bbox 557 967 1542 1037; baseline -0.001 -14"><span class='ocrx_word' id='word_1_27' title='bbox 557 971 573 1023; x_wconf 85' lang='lat'><strong>5</strong></span> <span class='ocrx_word' id='word_1_28' title='bbox 626 985 698 1037; x_wconf 87' lang='lat' dir='ltr'><strong>quae</strong></span> <span class='ocrx_word' id='word_1_29' title='bbox 717 985 751 1023; x_wconf 91' lang='lat' dir='ltr'><strong>ne</strong></span> <span class='ocrx_word' id='word_1_30' title='bbox 771 968 821 1022; x_wconf 84' lang='grc' dir='ltr'><strong>ΥΟ</strong></span> <span class='ocrx_word' id='word_1_31' title='bbox 1262 984 1335 1036; x_wconf 88' lang='lat' dir='ltr'><strong>quae</strong></span> <span class='ocrx_word' id='word_1_32' title='bbox 1354 968 1385 1021; x_wconf 85' lang='lat' dir='ltr'><em>E</em></span> <span class='ocrx_word' id='word_1_33' title='bbox 1400 967 1464 1037; x_wconf 72' lang='lat' dir='ltr'><strong>(def.</strong></span> <span class='ocrx_word' id='word_1_34' title='bbox 1478 967 1542 1037; x_wconf 91' lang='lat' dir='ltr'><strong>VD)</strong></span> 
     </span>
     <span class='ocr_line' id='line_1_6' title="bbox 542 1052 1847 1125; baseline 0 -15"><span class='ocrx_word' id='word_1_35' title='bbox 542 1056 574 1110; x_wconf 82' lang='lat'><strong>15</strong></span> <span class='ocrx_word' id='word_1_36' title='bbox 625 1054 835 1125; x_wconf 89' lang='lat' dir='ltr'><strong>deprauationis</strong></span> <span class='ocrx_word' id='word_1_37' title='bbox 847 1053 989 1124; x_wconf 86' lang='lat' dir='ltr'><strong>implicuit</strong></span> <span class='ocrx_word' id='word_1_38' title='bbox 1000 1070 1033 1108; x_wconf 91' lang='lat' dir='ltr'><strong>ac</strong></span> <span class='ocrx_word' id='word_1_39' title='bbox 1047 1052 1151 1108; x_wconf 75' lang='lat' dir='ltr'><strong>reuerti</strong></span> <span class='ocrx_word' id='word_1_40' title='bbox 1164 1052 1214 1106; x_wconf 83' lang='grc' dir='ltr'><strong>ΥΟ</strong></span> <span class='ocrx_word' id='word_1_41' title='bbox 1261 1053 1449 1123; x_wconf 88' lang='lat' dir='ltr'><strong>deprauitatis</strong></span> <span class='ocrx_word' id='word_1_42' title='bbox 1474 1053 1503 1108; x_wconf 90' lang='lat' dir='ltr'><strong>in</strong></span> <span class='ocrx_word' id='word_1_43' title='bbox 1531 1053 1684 1111; x_wconf 87' lang='lat' dir='ltr'><strong>iudicantis</strong></span> <span class='ocrx_word' id='word_1_44' title='bbox 1708 1073 1742 1110; x_wconf 94' lang='lat' dir='ltr'><strong>ac</strong></span> <span class='ocrx_word' id='word_1_45' title='bbox 1770 1072 1847 1110; x_wconf 87' lang='lat' dir='ltr'><strong>reue·</strong></span> 
     </span>
     <span class='ocr_line' id='line_1_7' title="bbox 1295 1138 1583 1210; baseline 0 -16"><span class='ocrx_word' id='word_1_46' title='bbox 1295 1139 1384 1195; x_wconf 91' lang='lat' dir='ltr'><strong>rentie</strong></span> <span class='ocrx_word' id='word_1_47' title='bbox 1398 1139 1427 1194; x_wconf 77' lang='grc' dir='ltr'><strong><em>Ε</em></strong></span> <span class='ocrx_word' id='word_1_48' title='bbox 1442 1139 1503 1210; x_wconf 65' lang='lat' dir='ltr'><strong>(des.</strong></span> <span class='ocrx_word' id='word_1_49' title='bbox 1517 1138 1583 1207; x_wconf 87' lang='lat' dir='ltr'><strong>VD)</strong></span> 
     </span>
     <span class='ocr_line' id='line_1_8' title="bbox 525 1224 1784 1297; baseline 0.001 -16"><span class='ocrx_word' id='word_1_50' title='bbox 525 1227 574 1281; x_wconf 75' lang='lat'><strong>*22</strong></span> <span class='ocrx_word' id='word_1_51' title='bbox 626 1226 775 1282; x_wconf 77' lang='lat' dir='ltr'><strong>stilichone</strong></span> <span class='ocrx_word' id='word_1_52' title='bbox 793 1224 814 1280; x_wconf 93' lang='lat' dir='ltr'><strong>ii</strong></span> <span class='ocrx_word' id='word_1_53' title='bbox 833 1230 862 1282; x_wconf 91' lang='lat' dir='ltr'><strong>et</strong></span> <span class='ocrx_word' id='word_1_54' title='bbox 879 1226 1022 1281; x_wconf 73' lang='lat' dir='ltr'><strong>anthemio</strong></span> <span class='ocrx_word' id='word_1_55' title='bbox 1041 1225 1165 1280; x_wconf 81' lang='lat' dir='ltr'><em>WEYD</em></span> <span class='ocrx_word' id='word_1_56' title='bbox 1262 1224 1412 1281; x_wconf 81' lang='lat' dir='ltr'>stilichone</span> <span class='ocrx_word' id='word_1_57' title='bbox 1430 1230 1460 1282; x_wconf 86' lang='lat' dir='ltr'><strong>et</strong></span> <span class='ocrx_word' id='word_1_58' title='bbox 1477 1225 1621 1282; x_wconf 88' lang='lat' dir='ltr'><strong>aureliano</strong></span> <span class='ocrx_word' id='word_1_59' title='bbox 1636 1225 1658 1281; x_wconf 91' lang='lat'><em>0</em></span> <span class='ocrx_word' id='word_1_60' title='bbox 1675 1226 1739 1297; x_wconf 69' lang='lat' dir='ltr'><strong>(des.</strong></span> <span class='ocrx_word' id='word_1_61' title='bbox 1751 1227 1784 1295; x_wconf 81' lang='lat' dir='ltr'><strong>V)</strong></span> 
     </span>
     <span class='ocr_line' id='line_1_9' title="bbox 439 1311 1805 1383; baseline -0.001 -16"><span class='ocrx_word' id='word_1_62' title='bbox 439 1314 478 1377; x_wconf 91' lang='grc'><strong>16,</strong></span> <span class='ocrx_word' id='word_1_63' title='bbox 489 1312 513 1376; x_wconf 88' lang='grc'><strong>8,</strong></span> <span class='ocrx_word' id='word_1_64' title='bbox 523 1314 573 1378; x_wconf 81' lang='lat' dir='ltr'><strong>2,&#39;l</strong></span> <span class='ocrx_word' id='word_1_65' title='bbox 626 1312 768 1383; x_wconf 79' lang='lat' dir='ltr'><strong>gallicano</strong></span> <span class='ocrx_word' id='word_1_66' title='bbox 786 1315 816 1368; x_wconf 92' lang='lat' dir='ltr'><strong>et</strong></span> <span class='ocrx_word' id='word_1_67' title='bbox 832 1313 994 1382; x_wconf 84' lang='lat' dir='ltr'><strong>symmacho</strong></span> <span class='ocrx_word' id='word_1_68' title='bbox 1012 1313 1037 1367; x_wconf 91' lang='lat' dir='ltr'><strong><em>V</em></strong></span> <span class='ocrx_word' id='word_1_69' title='bbox 1258 1311 1400 1382; x_wconf 80' lang='lat' dir='ltr'><strong>gallicano</strong></span> <span class='ocrx_word' id='word_1_70' title='bbox 1419 1315 1449 1367; x_wconf 89' lang='lat' dir='ltr'><strong>st</strong></span> <span class='ocrx_word' id='word_1_71' title='bbox 1466 1312 1548 1368; x_wconf 89' lang='lat' dir='ltr'><strong>basso</strong></span> <span class='ocrx_word' id='word_1_72' title='bbox 1566 1312 1596 1367; x_wconf 80' lang='grc' dir='ltr'><em>Ε</em></span> <span class='ocrx_word' id='word_1_73' title='bbox 1610 1314 1805 1382; x_wconf 73' lang='lat' dir='ltr'><strong>(interpolans)</strong></span> 
     </span>
     <span class='ocr_line' id='line_1_10' title="bbox 439 1397 1663 1469; baseline 0 -16"><span class='ocrx_word' id='word_1_74' title='bbox 439 1401 479 1464; x_wconf 88' lang='grc'><strong>16,</strong></span> <span class='ocrx_word' id='word_1_75' title='bbox 489 1399 564 1464; x_wconf 67' lang='grc'>628,</span> <span class='ocrx_word' id='word_1_76' title='bbox 574 1399 606 1454; x_wconf 74' lang='grc'><strong>*2</strong></span> <span class='ocrx_word' id='word_1_77' title='bbox 623 1399 749 1469; x_wconf 88' lang='lat' dir='ltr'><strong>potuerit</strong></span> <span class='ocrx_word' id='word_1_78' title='bbox 766 1399 867 1454; x_wconf 82' lang='lat' dir='ltr'><strong><em>VED·</em></strong></span> <span class='ocrx_word' id='word_1_79' title='bbox 1261 1397 1367 1468; x_wconf 91' lang='lat' dir='ltr'><strong>poterit</strong></span> <span class='ocrx_word' id='word_1_80' title='bbox 1382 1398 1411 1464; x_wconf 89' lang='lat'><strong>0,</strong></span> <span class='ocrx_word' id='word_1_81' title='bbox 1431 1397 1574 1468; x_wconf 84' lang='lat' dir='ltr'><strong>potuerint</strong></span> <span class='ocrx_word' id='word_1_82' title='bbox 1590 1398 1663 1453; x_wconf 62' lang='lat' dir='ltr'><strong>rat</strong></span> 
     </span>
     <span class='ocr_line' id='line_1_11' title="bbox 439 1484 1459 1552; baseline -0.002 -11"><span class='ocrx_word' id='word_1_83' title='bbox 439 1486 479 1552; x_wconf 91' lang='grc'><strong>16,</strong></span> <span class='ocrx_word' id='word_1_84' title='bbox 490 1488 530 1550; x_wconf 88' lang='grc'><strong>10,</strong></span> <span class='ocrx_word' id='word_1_85' title='bbox 539 1486 591 1551; x_wconf 57' lang='grc'><strong>33</strong></span> <span class='ocrx_word' id='word_1_86' title='bbox 626 1487 748 1541; x_wconf 87' lang='lat' dir='ltr'><strong>eruenda</strong></span> <span class='ocrx_word' id='word_1_87' title='bbox 766 1487 797 1540; x_wconf 79' lang='grc' dir='ltr'><em>Ε</em></span> <span class='ocrx_word' id='word_1_88' title='bbox 1262 1484 1415 1540; x_wconf 89' lang='lat' dir='ltr'><strong>erudienda</strong></span> <span class='ocrx_word' id='word_1_89' title='bbox 1433 1485 1459 1539; x_wconf 88' lang='lat' dir='ltr'><strong><em>V</em></strong></span> 
     </span>
     <span class='ocr_line' id='line_1_12' title="bbox 439 1570 1849 1644; baseline 0 -17"><span class='ocrx_word' id='word_1_90' title='bbox 439 1572 479 1636; x_wconf 88' lang='grc'><strong>16,</strong></span> <span class='ocrx_word' id='word_1_91' title='bbox 490 1573 529 1639; x_wconf 90' lang='grc'><strong>11,</strong></span> <span class='ocrx_word' id='word_1_92' title='bbox 541 1573 591 1636; x_wconf 84' lang='grc'><strong>1,2</strong></span> <span class='ocrx_word' id='word_1_93' title='bbox 625 1572 735 1644; x_wconf 79' lang='lat' dir='ltr'><strong>agitare</strong></span> <span class='ocrx_word' id='word_1_94' title='bbox 753 1573 852 1628; x_wconf 80' lang='lat' dir='ltr'><strong>Vbren.</strong></span> <span class='ocrx_word' id='word_1_95' title='bbox 1264 1571 1389 1627; x_wconf 88' lang='lat' dir='ltr'><strong>iudicare</strong></span> <span class='ocrx_word' id='word_1_96' title='bbox 1407 1570 1530 1639; x_wconf 81' lang='lat' dir='ltr'><strong><em>EYDO,</em></strong></span> <span class='ocrx_word' id='word_1_97' title='bbox 1550 1571 1660 1642; x_wconf 76' lang='lat' dir='ltr'><strong>agitare</strong></span> <span class='ocrx_word' id='word_1_98' title='bbox 1678 1571 1803 1628; x_wconf 89' lang='lat' dir='ltr'><strong>iudicare</strong></span> <span class='ocrx_word' id='word_1_99' title='bbox 1821 1573 1849 1627; x_wconf 84' lang='lat'><strong>1.</strong></span> 
     </span>
     <span class='ocr_line' id='line_1_13' title="bbox 439 1657 1557 1727; baseline -0.001 -14"><span class='ocrx_word' id='word_1_100' title='bbox 439 1660 605 1725; x_wconf 78' lang='grc'>16,11,2,*1</span> <span class='ocrx_word' id='word_1_101' title='bbox 626 1658 777 1714; x_wconf 76' lang='lat' dir='ltr'><strong>credulitas</strong></span> <span class='ocrx_word' id='word_1_102' title='bbox 795 1657 936 1713; x_wconf 80' lang='lat' dir='ltr'><em>ELYDO</em></span> <span class='ocrx_word' id='word_1_103' title='bbox 1262 1657 1384 1713; x_wconf 87' lang='lat' dir='ltr'><strong>fidelitas</strong></span> <span class='ocrx_word' id='word_1_104' title='bbox 1400 1658 1504 1725; x_wconf 80' lang='lat' dir='ltr'><strong>T(des.</strong></span> <span class='ocrx_word' id='word_1_105' title='bbox 1523 1657 1557 1727; x_wconf 89' lang='lat' dir='ltr'><strong>V)</strong></span> 
     </span>
    </p>
   </div>
   <div class='ocr_carea' id='block_1_3' title="bbox 403 1779 1849 2454">
    <p class='ocr_par' dir='ltr' id='par_1_3' title="bbox 403 1779 1849 2454">
     <span class='ocr_line' id='line_1_14' title="bbox 404 1779 1849 1850; baseline 0.001 -16"><span class='ocrx_word' id='word_1_106' title='bbox 404 1780 457 1834; x_wconf 88' lang='lat' dir='ltr'><strong>Hic</strong></span> <span class='ocrx_word' id='word_1_107' title='bbox 480 1798 542 1834; x_wconf 88' lang='lat' dir='ltr'><strong>cum</strong></span> <span class='ocrx_word' id='word_1_108' title='bbox 564 1779 677 1835; x_wconf 89' lang='lat' dir='ltr'><strong>iudiciis</strong></span> <span class='ocrx_word' id='word_1_109' title='bbox 698 1780 800 1835; x_wconf 88' lang='lat' dir='ltr'><strong>latiora</strong></span> <span class='ocrx_word' id='word_1_110' title='bbox 824 1779 918 1850; x_wconf 90' lang='lat' dir='ltr'><strong>spatia</strong></span> <span class='ocrx_word' id='word_1_111' title='bbox 942 1780 1009 1834; x_wconf 87' lang='lat' dir='ltr'><strong>data</strong></span> <span class='ocrx_word' id='word_1_112' title='bbox 1030 1779 1099 1845; x_wconf 87' lang='lat' dir='ltr'><strong>sint,</strong></span> <span class='ocrx_word' id='word_1_113' title='bbox 1125 1779 1235 1835; x_wconf 88' lang='lat' dir='ltr'><strong>codices</strong></span> <span class='ocrx_word' id='word_1_114' title='bbox 1259 1781 1326 1835; x_wconf 92' lang='lat' dir='ltr'><strong>duos</strong></span> <span class='ocrx_word' id='word_1_115' title='bbox 1346 1780 1415 1837; x_wconf 87' lang='lat' dir='ltr'><strong>Vet</strong></span> <span class='ocrx_word' id='word_1_116' title='bbox 1435 1781 1465 1834; x_wconf 79' lang='grc' dir='ltr'><strong>Ε</strong></span> <span class='ocrx_word' id='word_1_117' title='bbox 1488 1784 1563 1848; x_wconf 88' lang='lat' dir='ltr'><strong>(cum</strong></span> <span class='ocrx_word' id='word_1_118' title='bbox 1585 1780 1704 1836; x_wconf 87' lang='lat' dir='ltr'><strong>adseclis</strong></span> <span class='ocrx_word' id='word_1_119' title='bbox 1727 1780 1849 1850; x_wconf 83' lang='lat' dir='ltr'><strong><em>YDOL)</em></strong></span> 
     </span>
     <span class='ocr_line' id='line_1_15' title="bbox 404 1865 1848 1936; baseline 0 -14"><span class='ocrx_word' id='word_1_120' title='bbox 404 1867 568 1923; x_wconf 68' lang='lat' dir='ltr'><strong>descendere</strong></span> <span class='ocrx_word' id='word_1_121' title='bbox 595 1885 628 1922; x_wconf 89' lang='lat' dir='ltr'><strong>ex</strong></span> <span class='ocrx_word' id='word_1_122' title='bbox 654 1868 750 1922; x_wconf 90' lang='lat' dir='ltr'><strong>eodem</strong></span> <span class='ocrx_word' id='word_1_123' title='bbox 778 1865 931 1936; x_wconf 86' lang='lat' dir='ltr'><strong>exemplari</strong></span> <span class='ocrx_word' id='word_1_124' title='bbox 958 1865 1149 1921; x_wconf 88' lang='lat' dir='ltr'><strong>demonstrant</strong></span> <span class='ocrx_word' id='word_1_125' title='bbox 1176 1884 1280 1922; x_wconf 89' lang='lat' dir='ltr'><strong>errores</strong></span> <span class='ocrx_word' id='word_1_126' title='bbox 1305 1867 1417 1936; x_wconf 90' lang='lat' dir='ltr'><strong>utrique</strong></span> <span class='ocrx_word' id='word_1_127' title='bbox 1442 1885 1600 1922; x_wconf 88' lang='lat' dir='ltr'><strong>communes</strong></span> <span class='ocrx_word' id='word_1_128' title='bbox 1626 1868 1666 1932; x_wconf 85' lang='lat'><strong>16,</strong></span> <span class='ocrx_word' id='word_1_129' title='bbox 1678 1869 1703 1931; x_wconf 79' lang='grc'><strong>2,</strong></span> <span class='ocrx_word' id='word_1_130' title='bbox 1716 1866 1789 1931; x_wconf 68' lang='lat' dir='ltr'>23,ss</span> <span class='ocrx_word' id='word_1_131' title='bbox 1814 1899 1848 1907; x_wconf 93' lang='lat'>-</span> 
     </span>
     <span class='ocr_line' id='line_1_16' title="bbox 405 1952 1849 2018; baseline 0.001 -11"><span class='ocrx_word' id='word_1_132' title='bbox 405 1952 445 2016; x_wconf 88' lang='grc'><strong>16,</strong></span> <span class='ocrx_word' id='word_1_133' title='bbox 454 1955 479 2017; x_wconf 83' lang='grc'><strong>5,</strong></span> <span class='ocrx_word' id='word_1_134' title='bbox 490 1952 532 2017; x_wconf 83' lang='lat'><strong>20,</strong></span> <span class='ocrx_word' id='word_1_135' title='bbox 543 1953 596 2006; x_wconf 79' lang='lat'><strong>1.4</strong></span> <span class='ocrx_word' id='word_1_136' title='bbox 614 1984 646 1993; x_wconf 92' lang='lat'><em>-</em></span> <span class='ocrx_word' id='word_1_137' title='bbox 666 1954 705 2018; x_wconf 87' lang='lat'><strong>16,</strong></span> <span class='ocrx_word' id='word_1_138' title='bbox 714 1955 739 2017; x_wconf 87' lang='lat'><strong>5,</strong></span> <span class='ocrx_word' id='word_1_139' title='bbox 748 1954 790 2017; x_wconf 80' lang='lat'><strong>25,</strong></span> <span class='ocrx_word' id='word_1_140' title='bbox 803 1953 815 2006; x_wconf 95' lang='lat' dir='ltr'><strong>l</strong></span> <span class='ocrx_word' id='word_1_141' title='bbox 832 1983 866 1993; x_wconf 93' lang='grc'>-</span> <span class='ocrx_word' id='word_1_142' title='bbox 886 1953 926 2017; x_wconf 86' lang='grc'><strong>16,</strong></span> <span class='ocrx_word' id='word_1_143' title='bbox 936 1954 960 2017; x_wconf 84' lang='grc'><strong>5,</strong></span> <span class='ocrx_word' id='word_1_144' title='bbox 970 1953 1037 2016; x_wconf 76' lang='grc'><strong>365</strong></span> <span class='ocrx_word' id='word_1_145' title='bbox 1056 1983 1087 1992; x_wconf 94' lang='lat'>-</span> <span class='ocrx_word' id='word_1_146' title='bbox 1108 1954 1148 2017; x_wconf 87' lang='grc'><strong>16,</strong></span> <span class='ocrx_word' id='word_1_147' title='bbox 1158 1954 1182 2017; x_wconf 83' lang='grc'><strong>5,</strong></span> <span class='ocrx_word' id='word_1_148' title='bbox 1191 1953 1233 2018; x_wconf 81' lang='lat'><strong>40,</strong></span> <span class='ocrx_word' id='word_1_149' title='bbox 1245 1954 1275 2007; x_wconf 77' lang='lat'><strong>*7</strong></span> <span class='ocrx_word' id='word_1_150' title='bbox 1293 1983 1325 1993; x_wconf 94' lang='lat'>-</span> <span class='ocrx_word' id='word_1_151' title='bbox 1343 1954 1383 2018; x_wconf 92' lang='grc'><strong>16,</strong></span> <span class='ocrx_word' id='word_1_152' title='bbox 1393 1957 1417 2018; x_wconf 87' lang='grc'><strong>5,</strong></span> <span class='ocrx_word' id='word_1_153' title='bbox 1428 1955 1497 2018; x_wconf 80' lang='grc'>54,4</span> <span class='ocrx_word' id='word_1_154' title='bbox 1509 1983 1543 1993; x_wconf 90' lang='grc'>-</span> <span class='ocrx_word' id='word_1_155' title='bbox 1557 1954 1596 2016; x_wconf 92' lang='grc'><strong>16,</strong></span> <span class='ocrx_word' id='word_1_156' title='bbox 1606 1955 1631 2018; x_wconf 81' lang='grc'><strong>5,</strong></span> <span class='ocrx_word' id='word_1_157' title='bbox 1641 1954 1683 2018; x_wconf 90' lang='grc'><strong>66,</strong></span> <span class='ocrx_word' id='word_1_158' title='bbox 1694 1953 1718 2008; x_wconf 88' lang='grc'><strong>6.</strong></span> <span class='ocrx_word' id='word_1_159' title='bbox 1745 1954 1849 2009; x_wconf 82' lang='lat' dir='ltr'><strong>Aucto·</strong></span> 
     </span>
     <span class='ocr_line' id='line_1_17' title="bbox 403 2037 1848 2109; baseline 0.003 -18"><span class='ocrx_word' id='word_1_160' title='bbox 403 2037 474 2092; x_wconf 87' lang='lat' dir='ltr'><strong>ritas</strong></span> <span class='ocrx_word' id='word_1_161' title='bbox 485 2037 631 2108; x_wconf 86' lang='lat' dir='ltr'><strong>utriusque</strong></span> <span class='ocrx_word' id='word_1_162' title='bbox 643 2039 765 2109; x_wconf 88' lang='lat' dir='ltr'><strong>exempli</strong></span> <span class='ocrx_word' id='word_1_163' title='bbox 777 2039 874 2094; x_wconf 88' lang='lat' dir='ltr'><strong>eadem</strong></span> <span class='ocrx_word' id='word_1_164' title='bbox 886 2039 943 2094; x_wconf 86' lang='lat' dir='ltr'><strong>fere</strong></span> <span class='ocrx_word' id='word_1_165' title='bbox 956 2043 1006 2104; x_wconf 85' lang='lat' dir='ltr'><strong>est,</strong></span> <span class='ocrx_word' id='word_1_166' title='bbox 1025 2057 1087 2093; x_wconf 88' lang='lat' dir='ltr'><strong>curn</strong></span> <span class='ocrx_word' id='word_1_167' title='bbox 1101 2056 1197 2093; x_wconf 86' lang='lat' dir='ltr'><strong>verum</strong></span> <span class='ocrx_word' id='word_1_168' title='bbox 1210 2040 1291 2094; x_wconf 91' lang='lat' dir='ltr'><strong>medo</strong></span> <span class='ocrx_word' id='word_1_169' title='bbox 1303 2042 1395 2095; x_wconf 88' lang='lat' dir='ltr'><strong>servet</strong></span> <span class='ocrx_word' id='word_1_170' title='bbox 1409 2039 1435 2093; x_wconf 87' lang='lat' dir='ltr'><strong><em>V</em></strong></span> <span class='ocrx_word' id='word_1_171' title='bbox 1444 2044 1541 2095; x_wconf 89' lang='lat' dir='ltr'><strong>contra</strong></span> <span class='ocrx_word' id='word_1_172' title='bbox 1553 2039 1583 2094; x_wconf 76' lang='grc' dir='ltr'><em>Ε</em></span> <span class='ocrx_word' id='word_1_173' title='bbox 1592 2041 1645 2107; x_wconf 83' lang='grc'>(16,</span> <span class='ocrx_word' id='word_1_174' title='bbox 1655 2040 1680 2105; x_wconf 83' lang='lat'><strong>2,</strong></span> <span class='ocrx_word' id='word_1_175' title='bbox 1690 2040 1760 2104; x_wconf 79' lang='lat'><strong>44‚3</strong></span> <span class='ocrx_word' id='word_1_176' title='bbox 1773 2044 1848 2108; x_wconf 81' lang='lat' dir='ltr'><strong>cet),</strong></span> 
     </span>
     <span class='ocr_line' id='line_1_18' title="bbox 404 2124 1848 2195; baseline 0.003 -18"><span class='ocrx_word' id='word_1_177' title='bbox 404 2125 485 2180; x_wconf 90' lang='lat' dir='ltr'><strong>modo</strong></span> <span class='ocrx_word' id='word_1_178' title='bbox 497 2124 527 2178; x_wconf 82' lang='lat' dir='ltr'><em>E</em></span> <span class='ocrx_word' id='word_1_179' title='bbox 542 2128 640 2180; x_wconf 84' lang='lat' dir='ltr'><strong>contra</strong></span> <span class='ocrx_word' id='word_1_180' title='bbox 658 2125 684 2179; x_wconf 88' lang='lat' dir='ltr'><strong><em>V</em></strong></span> <span class='ocrx_word' id='word_1_181' title='bbox 697 2126 836 2193; x_wconf 67' lang='grc'>(16611,</span> <span class='ocrx_word' id='word_1_182' title='bbox 846 2125 878 2179; x_wconf 79' lang='grc'><strong>*8</strong></span> <span class='ocrx_word' id='word_1_183' title='bbox 890 2155 922 2165; x_wconf 96' lang='grc'>-</span> <span class='ocrx_word' id='word_1_184' title='bbox 940 2127 978 2190; x_wconf 89' lang='grc'><strong>16,</strong></span> <span class='ocrx_word' id='word_1_185' title='bbox 987 2129 1012 2190; x_wconf 83' lang='grc'><strong>5,</strong></span> <span class='ocrx_word' id='word_1_186' title='bbox 1021 2126 1088 2190; x_wconf 70' lang='grc'><strong>367</strong></span> <span class='ocrx_word' id='word_1_187' title='bbox 1102 2156 1133 2164; x_wconf 97' lang='grc'>-</span> <span class='ocrx_word' id='word_1_188' title='bbox 1151 2127 1190 2191; x_wconf 85' lang='grc'><strong>16,</strong></span> <span class='ocrx_word' id='word_1_189' title='bbox 1201 2128 1224 2190; x_wconf 87' lang='grc'><strong>5,</strong></span> <span class='ocrx_word' id='word_1_190' title='bbox 1235 2124 1276 2188; x_wconf 87' lang='grc'><strong>63,</strong></span> <span class='ocrx_word' id='word_1_191' title='bbox 1288 2126 1322 2194; x_wconf 88' lang='lat' dir='ltr'><strong>l).</strong></span> <span class='ocrx_word' id='word_1_192' title='bbox 1352 2125 1465 2195; x_wconf 83' lang='lat' dir='ltr'><strong>Reliqui</strong></span> <span class='ocrx_word' id='word_1_193' title='bbox 1482 2130 1584 2191; x_wconf 87' lang='lat' dir='ltr'><strong>textus,</strong></span> <span class='ocrx_word' id='word_1_194' title='bbox 1603 2125 1713 2182; x_wconf 89' lang='lat' dir='ltr'><strong>scilicet</strong></span> <span class='ocrx_word' id='word_1_195' title='bbox 1729 2127 1848 2181; x_wconf 87' lang='lat' dir='ltr'><strong>duorum</strong></span> 
     </span>
     <span class='ocr_line' id='line_1_19' title="bbox 404 2209 1847 2282; baseline 0.002 -17"><span class='ocrx_word' id='word_1_196' title='bbox 404 2209 604 2280; x_wconf 73' lang='lat' dir='ltr'><strong>exemplarium</strong></span> <span class='ocrx_word' id='word_1_197' title='bbox 621 2210 792 2282; x_wconf 77' lang='lat' dir='ltr'><strong>integrorum</strong></span> <span class='ocrx_word' id='word_1_198' title='bbox 810 2212 969 2282; x_wconf 73' lang='lat' dir='ltr'><strong>fragments</strong></span> <span class='ocrx_word' id='word_1_199' title='bbox 985 2211 1052 2265; x_wconf 84' lang='lat' dir='ltr'><strong>TW</strong></span> <span class='ocrx_word' id='word_1_200' title='bbox 1066 2214 1095 2265; x_wconf 89' lang='lat' dir='ltr'><strong>et</strong></span> <span class='ocrx_word' id='word_1_201' title='bbox 1116 2212 1257 2281; x_wconf 74' lang='lat' dir='ltr'><strong>epitomae</strong></span> <span class='ocrx_word' id='word_1_202' title='bbox 1280 2211 1351 2268; x_wconf 88' lang='lat' dir='ltr'><strong>duas</strong></span> <span class='ocrx_word' id='word_1_203' title='bbox 1370 2213 1491 2268; x_wconf 86' lang='lat' dir='ltr'><strong>Gothica</strong></span> <span class='ocrx_word' id='word_1_204' title='bbox 1510 2217 1539 2268; x_wconf 91' lang='lat' dir='ltr'><strong>et</strong></span> <span class='ocrx_word' id='word_1_205' title='bbox 1557 2211 1726 2277; x_wconf 85' lang='lat' dir='ltr'><strong>Iustiniana,</strong></span> <span class='ocrx_word' id='word_1_206' title='bbox 1749 2229 1847 2268; x_wconf 89' lang='lat' dir='ltr'><strong>omnes</strong></span> 
     </span>
     <span class='ocr_line' id='line_1_20' title="bbox 404 2295 1849 2370; baseline 0.003 -20"><span class='ocrx_word' id='word_1_207' title='bbox 404 2295 518 2353; x_wconf 82' lang='lat' dir='ltr'><strong>interes</strong></span> <span class='ocrx_word' id='word_1_208' title='bbox 533 2298 619 2360; x_wconf 90' lang='lat' dir='ltr'><strong>nullo,</strong></span> <span class='ocrx_word' id='word_1_209' title='bbox 638 2297 812 2366; x_wconf 90' lang='lat' dir='ltr'><strong>quiquidem</strong></span> <span class='ocrx_word' id='word_1_210' title='bbox 829 2296 910 2352; x_wconf 94' lang='lat' dir='ltr'><strong>nobis</strong></span> <span class='ocrx_word' id='word_1_211' title='bbox 927 2301 1072 2367; x_wconf 86' lang='lat' dir='ltr'><strong>appareat,</strong></span> <span class='ocrx_word' id='word_1_212' title='bbox 1090 2316 1163 2353; x_wconf 92' lang='lat' dir='ltr'><strong>nexu</strong></span> <span class='ocrx_word' id='word_1_213' title='bbox 1179 2297 1391 2364; x_wconf 73' lang='lat' dir='ltr'><strong>coniunguntur,</strong></span> <span class='ocrx_word' id='word_1_214' title='bbox 1410 2316 1473 2353; x_wconf 89' lang='lat' dir='ltr'><strong>cum</strong></span> <span class='ocrx_word' id='word_1_215' title='bbox 1486 2297 1718 2370; x_wconf 73' lang='lat' dir='ltr'><strong>interpolationes</strong></span> <span class='ocrx_word' id='word_1_216' title='bbox 1737 2297 1849 2367; x_wconf 87' lang='lat' dir='ltr'><strong>siquae</strong></span> 
     </span>
     <span class='ocr_line' id='line_1_21' title="bbox 404 2382 1366 2454; baseline 0.003 -17"><span class='ocrx_word' id='word_1_217' title='bbox 404 2382 434 2437; x_wconf 92' lang='lat' dir='ltr'><strong>in</strong></span> <span class='ocrx_word' id='word_1_218' title='bbox 452 2382 487 2437; x_wconf 91' lang='lat' dir='ltr'><strong>iis</strong></span> <span class='ocrx_word' id='word_1_219' title='bbox 502 2383 686 2454; x_wconf 84' lang='lat' dir='ltr'><strong>reperiuntur,</strong></span> <span class='ocrx_word' id='word_1_220' title='bbox 705 2388 737 2439; x_wconf 92' lang='grc'><strong>66</strong></span> <span class='ocrx_word' id='word_1_221' title='bbox 757 2385 796 2450; x_wconf 91' lang='grc'><strong>16,</strong></span> <span class='ocrx_word' id='word_1_222' title='bbox 807 2386 875 2447; x_wconf 83' lang='grc'>11,2</span> <span class='ocrx_word' id='word_1_223' title='bbox 893 2385 921 2438; x_wconf 90' lang='lat' dir='ltr'><strong>in</strong></span> <span class='ocrx_word' id='word_1_224' title='bbox 939 2384 968 2449; x_wconf 85' lang='grc' dir='ltr'><strong>Τ,</strong></span> <span class='ocrx_word' id='word_1_225' title='bbox 986 2385 1014 2438; x_wconf 90' lang='lat' dir='ltr'><strong>in</strong></span> <span class='ocrx_word' id='word_1_226' title='bbox 1033 2384 1150 2453; x_wconf 88' lang='lat' dir='ltr'><strong>reliquis</strong></span> <span class='ocrx_word' id='word_1_227' title='bbox 1169 2402 1225 2439; x_wconf 89' lang='lat' dir='ltr'><strong>non</strong></span> <span class='ocrx_word' id='word_1_228' title='bbox 1242 2384 1366 2441; x_wconf 81' lang='lat' dir='ltr'><strong>redeant.</strong></span> 
     </span>
    </p>
   </div>
   <div class='ocr_carea' id='block_1_4' title="bbox 768 2609 1480 2677">
    <p class='ocr_par' dir='ltr' id='par_1_4' title="bbox 768 2609 1480 2677">
     <span class='ocr_line' id='line_1_22' title="bbox 768 2609 1480 2677; baseline -0.001 -1"><span class='ocrx_word' id='word_1_229' title='bbox 768 2610 829 2677; x_wconf 87' lang='lat'><strong>111.</strong></span> <span class='ocrx_word' id='word_1_230' title='bbox 858 2611 1000 2676; x_wconf 83' lang='lat' dir='ltr'><strong><em>VARIA</em></strong></span> <span class='ocrx_word' id='word_1_231' title='bbox 1022 2611 1184 2676; x_wconf 80' lang='lat' dir='ltr'><strong>LEOTIO</strong></span> <span class='ocrx_word' id='word_1_232' title='bbox 1209 2609 1480 2676; x_wconf 81' lang='lat' dir='ltr'><strong>IVSTINIANA.</strong></span> 
     </span>
    </p>
   </div>
   <div class='ocr_carea' id='block_1_5' title="bbox 405 2746 1851 3685">
    <p class='ocr_par' dir='ltr' id='par_1_5' title="bbox 405 2746 1851 3685">
     <span class='ocr_line' id='line_1_23' title="bbox 492 2746 1849 2819; baseline 0.001 -19"><span class='ocrx_word' id='word_1_233' title='bbox 492 2747 561 2801; x_wconf 84' lang='lat' dir='ltr'><strong>Cum</strong></span> <span class='ocrx_word' id='word_1_234' title='bbox 583 2751 656 2812; x_wconf 87' lang='lat' dir='ltr'><strong>arte,</strong></span> <span class='ocrx_word' id='word_1_235' title='bbox 681 2751 713 2803; x_wconf 91' lang='grc'><strong>66</strong></span> <span class='ocrx_word' id='word_1_236' title='bbox 736 2767 821 2818; x_wconf 92' lang='lat' dir='ltr'><strong>supra</strong></span> <span class='ocrx_word' id='word_1_237' title='bbox 844 2767 871 2819; x_wconf 93' lang='lat' dir='ltr'><strong>p.</strong></span> <span class='ocrx_word' id='word_1_238' title='bbox 888 2749 992 2803; x_wconf 83' lang='lat' dir='ltr'><strong>LVIllI</strong></span> <span class='ocrx_word' id='word_1_239' title='bbox 1016 2768 1038 2803; x_wconf 90' lang='lat' dir='ltr'><strong>c.</strong></span> <span class='ocrx_word' id='word_1_240' title='bbox 1053 2750 1090 2803; x_wconf 88' lang='lat' dir='ltr'><strong>IV</strong></span> <span class='ocrx_word' id='word_1_241' title='bbox 1112 2749 1302 2819; x_wconf 81' lang='lat' dir='ltr'><strong>exposuimus,</strong></span> <span class='ocrx_word' id='word_1_242' title='bbox 1328 2747 1514 2803; x_wconf 72' lang='lat' dir='ltr'><strong>&#39;theodosiani</strong></span> <span class='ocrx_word' id='word_1_243' title='bbox 1537 2746 1616 2801; x_wconf 89' lang='lat' dir='ltr'><strong>crisis</strong></span> <span class='ocrx_word' id='word_1_244' title='bbox 1638 2747 1788 2804; x_wconf 85' lang='lat' dir='ltr'><strong>coniuncta</strong></span> <span class='ocrx_word' id='word_1_245' title='bbox 1809 2747 1849 2803; x_wconf 89' lang='lat' dir='ltr'><strong>sit</strong></span> 
     </span>
     <span class='ocr_line' id='line_1_24' title="bbox 407 2832 1849 2903; baseline 0.001 -16"><span class='ocrx_word' id='word_1_246' title='bbox 407 2851 469 2888; x_wconf 91' lang='lat' dir='ltr'><strong>cum</strong></span> <span class='ocrx_word' id='word_1_247' title='bbox 491 2833 556 2888; x_wconf 91' lang='lat' dir='ltr'><strong>crisi</strong></span> <span class='ocrx_word' id='word_1_248' title='bbox 578 2834 681 2889; x_wconf 90' lang='lat' dir='ltr'><strong>codicis</strong></span> <span class='ocrx_word' id='word_1_249' title='bbox 700 2834 861 2900; x_wconf 81' lang='lat' dir='ltr'><strong>Iustiniani,</strong></span> <span class='ocrx_word' id='word_1_250' title='bbox 884 2835 960 2890; x_wconf 89' lang='lat' dir='ltr'><strong>illius</strong></span> <span class='ocrx_word' id='word_1_251' title='bbox 983 2835 1070 2891; x_wconf 90' lang='lat' dir='ltr'><strong>editio</strong></span> <span class='ocrx_word' id='word_1_252' title='bbox 1089 2835 1265 2891; x_wconf 87' lang='lat' dir='ltr'><strong>Haeneliana</strong></span> <span class='ocrx_word' id='word_1_253' title='bbox 1282 2852 1315 2890; x_wconf 91' lang='grc' dir='ltr'><strong>9ο</strong></span> <span class='ocrx_word' id='word_1_254' title='bbox 1334 2834 1378 2889; x_wconf 89' lang='lat' dir='ltr'><strong>vel</strong></span> <span class='ocrx_word' id='word_1_255' title='bbox 1398 2833 1517 2889; x_wconf 88' lang='lat' dir='ltr'><strong>maxime</strong></span> <span class='ocrx_word' id='word_1_256' title='bbox 1535 2832 1658 2898; x_wconf 90' lang='lat' dir='ltr'><strong>laborat,</strong></span> <span class='ocrx_word' id='word_1_257' title='bbox 1682 2833 1757 2902; x_wconf 86' lang='lat' dir='ltr'><strong>quod</strong></span> <span class='ocrx_word' id='word_1_258' title='bbox 1774 2852 1849 2903; x_wconf 88' lang='lat' dir='ltr'><strong>quas</strong></span> 
     </span>
     <span class='ocr_line' id='line_1_25' title="bbox 407 2919 1849 2991; baseline 0.001 -18"><span class='ocrx_word' id='word_1_259' title='bbox 407 2919 441 2974; x_wconf 92' lang='lat' dir='ltr'><strong>de</strong></span> <span class='ocrx_word' id='word_1_260' title='bbox 463 2919 625 2974; x_wconf 87' lang='lat' dir='ltr'><strong>Iustinianis</strong></span> <span class='ocrx_word' id='word_1_261' title='bbox 649 2920 816 2976; x_wconf 90' lang='lat' dir='ltr'><strong>lectionibus</strong></span> <span class='ocrx_word' id='word_1_262' title='bbox 834 2920 986 2976; x_wconf 88' lang='lat' dir='ltr'><strong>Haenelius</strong></span> <span class='ocrx_word' id='word_1_263' title='bbox 1010 2920 1107 2976; x_wconf 87' lang='lat' dir='ltr'><strong>afferre</strong></span> <span class='ocrx_word' id='word_1_264' title='bbox 1131 2921 1225 2991; x_wconf 86' lang='lat' dir='ltr'><strong>potuit</strong></span> <span class='ocrx_word' id='word_1_265' title='bbox 1248 2921 1377 2977; x_wconf 86' lang='lat' dir='ltr'><strong>universa</strong></span> <span class='ocrx_word' id='word_1_266' title='bbox 1398 2921 1452 2976; x_wconf 88' lang='lat' dir='ltr'><strong>fide</strong></span> <span class='ocrx_word' id='word_1_267' title='bbox 1475 2926 1579 2974; x_wconf 89' lang='lat' dir='ltr'><strong>carent.</strong></span> <span class='ocrx_word' id='word_1_268' title='bbox 1620 2920 1678 2974; x_wconf 92' lang='lat' dir='ltr'><strong>Iam</strong></span> <span class='ocrx_word' id='word_1_269' title='bbox 1697 2923 1849 2989; x_wconf 88' lang='lat' dir='ltr'><strong>postquam</strong></span> 
     </span>
     <span class='ocr_line' id='line_1_26' title="bbox 406 3005 1848 3080; baseline 0.003 -21"><span class='ocrx_word' id='word_1_270' title='bbox 406 3006 510 3060; x_wconf 90' lang='lat' dir='ltr'><strong>Paulus</strong></span> <span class='ocrx_word' id='word_1_271' title='bbox 533 3007 657 3078; x_wconf 79' lang='lat' dir='ltr'><strong>Krueger</strong></span> <span class='ocrx_word' id='word_1_272' title='bbox 680 3007 827 3064; x_wconf 89' lang='lat' dir='ltr'><strong>Iustiniani</strong></span> <span class='ocrx_word' id='word_1_273' title='bbox 851 3007 974 3079; x_wconf 88' lang='lat' dir='ltr'><strong>corporis</strong></span> <span class='ocrx_word' id='word_1_274' title='bbox 997 3008 1184 3064; x_wconf 87' lang='lat' dir='ltr'><strong>recensionem</strong></span> <span class='ocrx_word' id='word_1_275' title='bbox 1207 3009 1311 3065; x_wconf 84' lang='lat' dir='ltr'><strong>iustam</strong></span> <span class='ocrx_word' id='word_1_276' title='bbox 1335 3012 1365 3064; x_wconf 93' lang='lat' dir='ltr'><strong>et</strong></span> <span class='ocrx_word' id='word_1_277' title='bbox 1390 3008 1530 3080; x_wconf 87' lang='lat' dir='ltr'><strong>apparatu</strong></span> <span class='ocrx_word' id='word_1_278' title='bbox 1555 3005 1654 3060; x_wconf 89' lang='lat' dir='ltr'><strong>idonee</strong></span> <span class='ocrx_word' id='word_1_279' title='bbox 1680 3006 1848 3063; x_wconf 86' lang='lat' dir='ltr'><strong>instructam</strong></span> 
     </span>
     <span class='ocr_line' id='line_1_27' title="bbox 407 3091 1850 3165; baseline 0.002 -20"><span class='ocrx_word' id='word_1_280' title='bbox 407 3092 532 3161; x_wconf 85' lang='lat' dir='ltr'><strong>paravit,</strong></span> <span class='ocrx_word' id='word_1_281' title='bbox 556 3111 605 3148; x_wconf 93' lang='lat' dir='ltr'><strong>nos</strong></span> <span class='ocrx_word' id='word_1_282' title='bbox 629 3111 701 3162; x_wconf 92' lang='lat' dir='ltr'><strong>quae</strong></span> <span class='ocrx_word' id='word_1_283' title='bbox 725 3095 761 3149; x_wconf 91' lang='lat' dir='ltr'><strong>ad</strong></span> <span class='ocrx_word' id='word_1_284' title='bbox 784 3100 879 3150; x_wconf 88' lang='lat' dir='ltr'><strong>nostra</strong></span> <span class='ocrx_word' id='word_1_285' title='bbox 903 3094 1045 3165; x_wconf 89' lang='lat' dir='ltr'><strong>pertinent</strong></span> <span class='ocrx_word' id='word_1_286' title='bbox 1066 3095 1132 3150; x_wconf 92' lang='lat' dir='ltr'><strong>inde</strong></span> <span class='ocrx_word' id='word_1_287' title='bbox 1154 3094 1275 3150; x_wconf 90' lang='lat' dir='ltr'><strong>mutuati</strong></span> <span class='ocrx_word' id='word_1_288' title='bbox 1295 3113 1388 3149; x_wconf 90' lang='lat' dir='ltr'><strong>sumus</strong></span> <span class='ocrx_word' id='word_1_289' title='bbox 1406 3091 1523 3149; x_wconf 90' lang='lat' dir='ltr'><strong>retentis</strong></span> <span class='ocrx_word' id='word_1_290' title='bbox 1544 3092 1593 3148; x_wconf 91' lang='lat' dir='ltr'><strong>ubi</strong></span> <span class='ocrx_word' id='word_1_291' title='bbox 1619 3111 1662 3147; x_wconf 89' lang='lat' dir='ltr'><strong>res</strong></span> <span class='ocrx_word' id='word_1_292' title='bbox 1685 3092 1850 3161; x_wconf 80' lang='lat' dir='ltr'><strong>requirebat</strong></span> 
     </span>
     <span class='ocr_line' id='line_1_28' title="bbox 407 3178 1850 3252; baseline -0.001 -19"><span class='ocrx_word' id='word_1_293' title='bbox 407 3178 533 3234; x_wconf 89' lang='lat' dir='ltr'><strong>codicum</strong></span> <span class='ocrx_word' id='word_1_294' title='bbox 556 3198 573 3233; x_wconf 93' lang='lat' dir='ltr'><strong>a</strong></span> <span class='ocrx_word' id='word_1_295' title='bbox 592 3180 732 3252; x_wconf 81' lang='lat' dir='ltr'><strong>Kruegero</strong></span> <span class='ocrx_word' id='word_1_296' title='bbox 754 3181 944 3237; x_wconf 80' lang='lat' dir='ltr'><strong>adhibitorum</strong></span> <span class='ocrx_word' id='word_1_297' title='bbox 967 3182 1041 3237; x_wconf 88' lang='lat' dir='ltr'><strong>notis</strong></span> <span class='ocrx_word' id='word_1_298' title='bbox 1060 3182 1197 3236; x_wconf 90' lang='lat' dir='ltr'><strong>vocabulo</strong></span> <span class='ocrx_word' id='word_1_299' title='bbox 1214 3181 1280 3236; x_wconf 79' lang='lat' dir='ltr'><strong>luat.</strong></span> <span class='ocrx_word' id='word_1_300' title='bbox 1299 3181 1373 3236; x_wconf 88' lang='lat' dir='ltr'><strong>intra</strong></span> <span class='ocrx_word' id='word_1_301' title='bbox 1394 3179 1575 3250; x_wconf 88' lang='lat' dir='ltr'><strong>parentheses</strong></span> <span class='ocrx_word' id='word_1_302' title='bbox 1593 3179 1603 3244; x_wconf 88' lang='lat'><strong>(</strong></span> <span class='ocrx_word' id='word_1_303' title='bbox 1621 3181 1631 3247; x_wconf 93' lang='lat'>)</span> <span class='ocrx_word' id='word_1_304' title='bbox 1651 3178 1695 3234; x_wconf 89' lang='lat' dir='ltr'><strong>vel</strong></span> <span class='ocrx_word' id='word_1_305' title='bbox 1714 3179 1751 3248; x_wconf 95' lang='lat'><strong>[]</strong></span> <span class='ocrx_word' id='word_1_306' title='bbox 1774 3183 1850 3249; x_wconf 87' lang='lat' dir='ltr'><strong>post·</strong></span> 
     </span>
     <span class='ocr_line' id='line_1_29' title="bbox 407 3264 1847 3338; baseline 0.001 -20"><span class='ocrx_word' id='word_1_307' title='bbox 407 3264 513 3334; x_wconf 89' lang='lat' dir='ltr'><strong>positis.</strong></span> <span class='ocrx_word' id='word_1_308' title='bbox 541 3266 673 3336; x_wconf 82' lang='lat' dir='ltr'><strong>Exceptis</strong></span> <span class='ocrx_word' id='word_1_309' title='bbox 691 3268 727 3321; x_wconf 86' lang='lat' dir='ltr'><strong>iis</strong></span> <span class='ocrx_word' id='word_1_310' title='bbox 741 3267 810 3323; x_wconf 89' lang='lat' dir='ltr'><strong>locis</strong></span> <span class='ocrx_word' id='word_1_311' title='bbox 822 3287 891 3338; x_wconf 90' lang='lat' dir='ltr'><strong>quos</strong></span> <span class='ocrx_word' id='word_1_312' title='bbox 903 3267 1065 3323; x_wconf 82' lang='lat' dir='ltr'><strong>Tritoniaui</strong></span> <span class='ocrx_word' id='word_1_313' title='bbox 1078 3272 1206 3323; x_wconf 85' lang='lat' dir='ltr'><strong>auctores</strong></span> <span class='ocrx_word' id='word_1_314' title='bbox 1218 3268 1345 3323; x_wconf 88' lang='lat' dir='ltr'><strong>consulto</strong></span> <span class='ocrx_word' id='word_1_315' title='bbox 1362 3269 1542 3322; x_wconf 86' lang='lat' dir='ltr'><strong>mutaverunt</strong></span> <span class='ocrx_word' id='word_1_316' title='bbox 1554 3264 1718 3335; x_wconf 90' lang='lat' dir='ltr'><strong>plerumque</strong></span> <span class='ocrx_word' id='word_1_317' title='bbox 1736 3283 1754 3319; x_wconf 93' lang='lat' dir='ltr'><strong>a</strong></span> <span class='ocrx_word' id='word_1_318' title='bbox 1766 3267 1847 3320; x_wconf 88' lang='lat' dir='ltr'><strong>textu</strong></span> 
     </span>
     <span class='ocr_line' id='line_1_30' title="bbox 407 3351 1849 3426; baseline -0.001 -20"><span class='ocrx_word' id='word_1_319' title='bbox 407 3352 555 3424; x_wconf 79' lang='lat' dir='ltr'><strong>archetypi</strong></span> <span class='ocrx_word' id='word_1_320' title='bbox 573 3355 765 3410; x_wconf 87' lang='lat' dir='ltr'><strong>alustinianis</strong></span> <span class='ocrx_word' id='word_1_321' title='bbox 777 3355 906 3426; x_wconf 88' lang='lat' dir='ltr'><strong>usurpati</strong></span> <span class='ocrx_word' id='word_1_322' title='bbox 919 3354 1003 3410; x_wconf 81' lang='lat' dir='ltr'><strong>facile</strong></span> <span class='ocrx_word' id='word_1_323' title='bbox 1015 3354 1191 3410; x_wconf 86' lang='lat' dir='ltr'><strong>secernendis</strong></span> <span class='ocrx_word' id='word_1_324' title='bbox 1203 3354 1338 3410; x_wconf 89' lang='lat' dir='ltr'><strong>lectiones</strong></span> <span class='ocrx_word' id='word_1_325' title='bbox 1352 3352 1523 3408; x_wconf 86' lang='lat' dir='ltr'><strong>lastinianas</strong></span> <span class='ocrx_word' id='word_1_326' title='bbox 1536 3351 1659 3422; x_wconf 90' lang='lat' dir='ltr'><strong>optimae</strong></span> <span class='ocrx_word' id='word_1_327' title='bbox 1673 3368 1732 3406; x_wconf 89' lang='lat' dir='ltr'><strong>esse</strong></span> <span class='ocrx_word' id='word_1_328' title='bbox 1749 3352 1849 3416; x_wconf 79' lang='lat' dir='ltr'><strong>solent,</strong></span> 
     </span>
     <span class='ocr_line' id='line_1_31' title="bbox 406 3438 1849 3512; baseline 0 -20"><span class='ocrx_word' id='word_1_329' title='bbox 406 3438 461 3492; x_wconf 91' lang='lat' dir='ltr'><strong>nisi</strong></span> <span class='ocrx_word' id='word_1_330' title='bbox 484 3441 558 3508; x_wconf 92' lang='lat' dir='ltr'><strong>quod</strong></span> <span class='ocrx_word' id='word_1_331' title='bbox 581 3440 775 3512; x_wconf 83' lang='lat' dir='ltr'><strong>inscriptiones</strong></span> <span class='ocrx_word' id='word_1_332' title='bbox 796 3443 833 3498; x_wconf 91' lang='lat' dir='ltr'><strong>ab</strong></span> <span class='ocrx_word' id='word_1_333' title='bbox 855 3441 925 3512; x_wconf 90' lang='lat' dir='ltr'><strong>ipsis</strong></span> <span class='ocrx_word' id='word_1_334' title='bbox 947 3442 1178 3512; x_wconf 89' lang='lat' dir='ltr'><strong>compilatoribus</strong></span> <span class='ocrx_word' id='word_1_335' title='bbox 1200 3460 1255 3496; x_wconf 91' lang='lat' dir='ltr'><strong>non</strong></span> <span class='ocrx_word' id='word_1_336' title='bbox 1279 3459 1341 3496; x_wconf 92' lang='lat' dir='ltr'><strong>raro</strong></span> <span class='ocrx_word' id='word_1_337' title='bbox 1359 3440 1504 3496; x_wconf 88' lang='lat' dir='ltr'><strong>breviatae</strong></span> <span class='ocrx_word' id='word_1_338' title='bbox 1527 3445 1603 3505; x_wconf 83' lang='lat' dir='ltr'><strong>sunt,</strong></span> <span class='ocrx_word' id='word_1_339' title='bbox 1628 3438 1849 3508; x_wconf 89' lang='lat' dir='ltr'><strong>subscriptiones</strong></span> 
     </span>
     <span class='ocr_line' id='line_1_32' title="bbox 405 3524 1851 3600; baseline -0.001 -21"><span class='ocrx_word' id='word_1_340' title='bbox 405 3530 499 3581; x_wconf 88' lang='lat' dir='ltr'><strong>autem</strong></span> <span class='ocrx_word' id='word_1_341' title='bbox 519 3527 681 3597; x_wconf 87' lang='lat' dir='ltr'><strong>praesertim</strong></span> <span class='ocrx_word' id='word_1_342' title='bbox 704 3529 732 3583; x_wconf 90' lang='lat' dir='ltr'><strong>in</strong></span> <span class='ocrx_word' id='word_1_343' title='bbox 755 3530 845 3585; x_wconf 84' lang='lat' dir='ltr'><strong>tribus</strong></span> <span class='ocrx_word' id='word_1_344' title='bbox 864 3528 1011 3600; x_wconf 86' lang='lat' dir='ltr'><strong>postremis</strong></span> <span class='ocrx_word' id='word_1_345' title='bbox 1034 3528 1113 3583; x_wconf 89' lang='lat' dir='ltr'><strong>libris</strong></span> <span class='ocrx_word' id='word_1_346' title='bbox 1136 3529 1220 3599; x_wconf 90' lang='lat' dir='ltr'><strong>culpa</strong></span> <span class='ocrx_word' id='word_1_347' title='bbox 1243 3528 1419 3583; x_wconf 89' lang='lat' dir='ltr'><strong>librariorum</strong></span> <span class='ocrx_word' id='word_1_348' title='bbox 1440 3544 1503 3582; x_wconf 91' lang='lat' dir='ltr'><strong>raro</strong></span> <span class='ocrx_word' id='word_1_349' title='bbox 1526 3527 1554 3581; x_wconf 92' lang='lat' dir='ltr'><strong>iu</strong></span> <span class='ocrx_word' id='word_1_350' title='bbox 1580 3524 1723 3581; x_wconf 89' lang='lat' dir='ltr'><strong>codicibus</strong></span> <span class='ocrx_word' id='word_1_351' title='bbox 1745 3524 1851 3579; x_wconf 83' lang='lat' dir='ltr'><strong>nostris</strong></span> 
     </span>
     <span class='ocr_line' id='line_1_33' title="bbox 405 3611 969 3685; baseline 0.007 -20"><span class='ocrx_word' id='word_1_352' title='bbox 405 3611 581 3681; x_wconf 85' lang='lat' dir='ltr'><strong>reperiuntur</strong></span> <span class='ocrx_word' id='word_1_353' title='bbox 599 3620 673 3670; x_wconf 87' lang='lat' dir='ltr'><strong>recte</strong></span> <span class='ocrx_word' id='word_1_354' title='bbox 691 3618 721 3669; x_wconf 90' lang='lat' dir='ltr'><strong>et</strong></span> <span class='ocrx_word' id='word_1_355' title='bbox 739 3617 820 3685; x_wconf 87' lang='lat' dir='ltr'><strong>plene</strong></span> <span class='ocrx_word' id='word_1_356' title='bbox 839 3614 969 3670; x_wconf 89' lang='lat' dir='ltr'><strong>traditae.</strong></span> 
     </span>
    </p>
   </div>
   <div class='ocr_carea' id='block_1_6' title="bbox 746 3811 1508 3881">
    <p class='ocr_par' dir='ltr' id='par_1_6' title="bbox 746 3811 1508 3881">
     <span class='ocr_line' id='line_1_34' title="bbox 746 3811 1508 3881; baseline -0.003 -1"><span class='ocrx_word' id='word_1_357' title='bbox 746 3815 804 3880; x_wconf 90' lang='lat' dir='ltr'><strong>IV.</strong></span> <span class='ocrx_word' id='word_1_358' title='bbox 832 3815 958 3880; x_wconf 80' lang='lat' dir='ltr'>VITIA</span> <span class='ocrx_word' id='word_1_359' title='bbox 980 3813 1216 3881; x_wconf 83' lang='lat' dir='ltr'><strong>BREVIARII</strong></span> <span class='ocrx_word' id='word_1_360' title='bbox 1238 3811 1508 3879; x_wconf 77' lang='lat' dir='ltr'><strong>AROHETYPI.</strong></span> 
     </span>
    </p>
   </div>
   <div class='ocr_carea' id='block_1_7' title="bbox 406 3948 1851 4817">
    <p class='ocr_par' dir='ltr' id='par_1_7' title="bbox 406 3948 1851 4711">
     <span class='ocr_line' id='line_1_35' title="bbox 492 3948 1850 4020; baseline 0.001 -17"><span class='ocrx_word' id='word_1_361' title='bbox 492 3949 638 4019; x_wconf 83' lang='lat' dir='ltr'><strong>Epitemen</strong></span> <span class='ocrx_word' id='word_1_362' title='bbox 658 3950 790 4005; x_wconf 80' lang='lat' dir='ltr'><strong>breviarii</strong></span> <span class='ocrx_word' id='word_1_363' title='bbox 808 3951 958 4007; x_wconf 85' lang='lat' dir='ltr'><strong>Gothicam</strong></span> <span class='ocrx_word' id='word_1_364' title='bbox 981 3956 1119 4019; x_wconf 90' lang='lat' dir='ltr'><strong>quatenus</strong></span> <span class='ocrx_word' id='word_1_365' title='bbox 1142 3952 1270 4020; x_wconf 86' lang='lat' dir='ltr'><strong>pervenit</strong></span> <span class='ocrx_word' id='word_1_366' title='bbox 1294 3953 1402 4006; x_wconf 89' lang='lat' dir='ltr'><strong>textum</strong></span> <span class='ocrx_word' id='word_1_367' title='bbox 1424 3953 1632 4020; x_wconf 88' lang='lat' dir='ltr'><strong>repraesentare</strong></span> <span class='ocrx_word' id='word_1_368' title='bbox 1651 3967 1739 4018; x_wconf 89' lang='lat' dir='ltr'><strong>neque</strong></span> <span class='ocrx_word' id='word_1_369' title='bbox 1765 3948 1850 4005; x_wconf 89' lang='lat' dir='ltr'><strong>inter·</strong></span> 
     </span>
     <span class='ocr_line' id='line_1_36' title="bbox 407 4034 1846 4106; baseline 0.001 -16"><span class='ocrx_word' id='word_1_370' title='bbox 407 4034 533 4103; x_wconf 89' lang='lat' dir='ltr'><strong>polatum</strong></span> <span class='ocrx_word' id='word_1_371' title='bbox 552 4053 641 4105; x_wconf 87' lang='lat' dir='ltr'><strong>neque</strong></span> <span class='ocrx_word' id='word_1_372' title='bbox 659 4037 821 4091; x_wconf 88' lang='lat' dir='ltr'><strong>mutilatum</strong></span> <span class='ocrx_word' id='word_1_373' title='bbox 840 4037 898 4091; x_wconf 89' lang='lat' dir='ltr'><strong>dixi</strong></span> <span class='ocrx_word' id='word_1_374' title='bbox 916 4054 1001 4106; x_wconf 89' lang='lat' dir='ltr'><strong>supra</strong></span> <span class='ocrx_word' id='word_1_375' title='bbox 1018 4055 1045 4106; x_wconf 90' lang='lat' dir='ltr'><strong>p.</strong></span> <span class='ocrx_word' id='word_1_376' title='bbox 1059 4036 1190 4100; x_wconf 80' lang='lat' dir='ltr'><strong>xxxvl,</strong></span> <span class='ocrx_word' id='word_1_377' title='bbox 1209 4038 1281 4091; x_wconf 88' lang='lat' dir='ltr'><strong>male</strong></span> <span class='ocrx_word' id='word_1_378' title='bbox 1300 4036 1443 4091; x_wconf 89' lang='lat' dir='ltr'><strong>immemor</strong></span> <span class='ocrx_word' id='word_1_379' title='bbox 1461 4036 1542 4090; x_wconf 91' lang='lat' dir='ltr'><strong>unius</strong></span> <span class='ocrx_word' id='word_1_380' title='bbox 1560 4054 1633 4104; x_wconf 89' lang='lat' dir='ltr'><strong>quae</strong></span> <span class='ocrx_word' id='word_1_381' title='bbox 1651 4036 1846 4106; x_wconf 83' lang='lat' dir='ltr'><strong>exceptionem</strong></span> 
     </span>
     <span class='ocr_line' id='line_1_37' title="bbox 407 4120 1850 4187; baseline 0.003 -15"><span class='ocrx_word' id='word_1_382' title='bbox 407 4120 474 4176; x_wconf 82' lang='lat' dir='ltr'><strong>fecit</strong></span> <span class='ocrx_word' id='word_1_383' title='bbox 497 4122 705 4177; x_wconf 89' lang='lat' dir='ltr'><strong>constitutionis</strong></span> <span class='ocrx_word' id='word_1_384' title='bbox 728 4125 840 4187; x_wconf 81' lang='grc'>16,7,3;</span> <span class='ocrx_word' id='word_1_385' title='bbox 863 4124 923 4178; x_wconf 90' lang='lat' dir='ltr'><strong>cius</strong></span> <span class='ocrx_word' id='word_1_386' title='bbox 946 4124 1018 4180; x_wconf 87' lang='lat' dir='ltr'><strong>enim</strong></span> <span class='ocrx_word' id='word_1_387' title='bbox 1042 4123 1108 4178; x_wconf 88' lang='lat' dir='ltr'><strong>libri</strong></span> <span class='ocrx_word' id='word_1_388' title='bbox 1127 4123 1280 4179; x_wconf 83' lang='lat' dir='ltr'><strong>Alariciani</strong></span> <span class='ocrx_word' id='word_1_389' title='bbox 1305 4125 1341 4178; x_wconf 91' lang='lat' dir='ltr'><strong>ad</strong></span> <span class='ocrx_word' id='word_1_390' title='bbox 1365 4142 1450 4177; x_wconf 90' lang='lat' dir='ltr'><strong>unum</strong></span> <span class='ocrx_word' id='word_1_391' title='bbox 1472 4141 1566 4177; x_wconf 87' lang='lat' dir='ltr'><strong>omnes</strong></span> <span class='ocrx_word' id='word_1_392' title='bbox 1589 4139 1644 4177; x_wconf 91' lang='lat' dir='ltr'><strong>non</strong></span> <span class='ocrx_word' id='word_1_393' title='bbox 1665 4122 1773 4177; x_wconf 88' lang='lat' dir='ltr'><strong>habent</strong></span> <span class='ocrx_word' id='word_1_394' title='bbox 1795 4121 1850 4176; x_wconf 86' lang='lat' dir='ltr'><strong>nisi</strong></span> 
     </span>
     <span class='ocr_line' id='line_1_38' title="bbox 407 4207 1848 4278; baseline 0.001 -17"><span class='ocrx_word' id='word_1_395' title='bbox 407 4212 494 4275; x_wconf 91' lang='lat' dir='ltr'><strong>caput</strong></span> <span class='ocrx_word' id='word_1_396' title='bbox 506 4207 634 4277; x_wconf 88' lang='lat' dir='ltr'><strong>primum.</strong></span> <span class='ocrx_word' id='word_1_397' title='bbox 665 4208 815 4264; x_wconf 79' lang='lat' dir='ltr'><strong>Praeterea</strong></span> <span class='ocrx_word' id='word_1_398' title='bbox 833 4214 926 4265; x_wconf 81' lang='lat' dir='ltr'><strong>tamen</strong></span> <span class='ocrx_word' id='word_1_399' title='bbox 945 4227 991 4264; x_wconf 90' lang='lat' dir='ltr'><strong>eos</strong></span> <span class='ocrx_word' id='word_1_400' title='bbox 1004 4226 1113 4278; x_wconf 94' lang='lat' dir='ltr'><strong>quoque</strong></span> <span class='ocrx_word' id='word_1_401' title='bbox 1132 4209 1215 4272; x_wconf 91' lang='lat' dir='ltr'><strong>locos,</strong></span> <span class='ocrx_word' id='word_1_402' title='bbox 1234 4227 1303 4278; x_wconf 91' lang='lat' dir='ltr'><strong>quos</strong></span> <span class='ocrx_word' id='word_1_403' title='bbox 1317 4207 1430 4263; x_wconf 86' lang='lat' dir='ltr'><strong>Gothici</strong></span> <span class='ocrx_word' id='word_1_404' title='bbox 1443 4208 1593 4277; x_wconf 87' lang='lat' dir='ltr'><strong>prudentes</strong></span> <span class='ocrx_word' id='word_1_405' title='bbox 1610 4208 1724 4263; x_wconf 87' lang='lat' dir='ltr'><strong>inutiles</strong></span> <span class='ocrx_word' id='word_1_406' title='bbox 1743 4207 1848 4262; x_wconf 90' lang='lat' dir='ltr'><strong>iudica·</strong></span> 
     </span>
     <span class='ocr_line' id='line_1_39' title="bbox 407 4293 1846 4366; baseline 0.001 -19"><span class='ocrx_word' id='word_1_407' title='bbox 407 4294 483 4354; x_wconf 82' lang='lat' dir='ltr'><strong>bant,</strong></span> <span class='ocrx_word' id='word_1_408' title='bbox 502 4312 555 4349; x_wconf 91' lang='lat' dir='ltr'><strong>non</strong></span> <span class='ocrx_word' id='word_1_409' title='bbox 573 4296 745 4350; x_wconf 87' lang='lat' dir='ltr'><strong>sustulerunt</strong></span> <span class='ocrx_word' id='word_1_410' title='bbox 763 4297 929 4351; x_wconf 87' lang='lat' dir='ltr'><strong>adnotantes</strong></span> <span class='ocrx_word' id='word_1_411' title='bbox 948 4296 1119 4351; x_wconf 86' lang='lat' dir='ltr'><strong>solummodo</strong></span> <span class='ocrx_word' id='word_1_412' title='bbox 1138 4298 1208 4351; x_wconf 90' lang='lat' dir='ltr'><strong>hacc</strong></span> <span class='ocrx_word' id='word_1_413' title='bbox 1227 4314 1255 4350; x_wconf 90' lang='lat' dir='ltr'><strong>sc</strong></span> <span class='ocrx_word' id='word_1_414' title='bbox 1274 4313 1328 4350; x_wconf 88' lang='lat' dir='ltr'><strong>uon</strong></span> <span class='ocrx_word' id='word_1_415' title='bbox 1343 4294 1509 4366; x_wconf 76' lang='lat' dir='ltr'><strong>exposuisse.</strong></span> <span class='ocrx_word' id='word_1_416' title='bbox 1524 4325 1554 4335; x_wconf 92' lang='lat'><em>-</em></span> <span class='ocrx_word' id='word_1_417' title='bbox 1569 4295 1600 4348; x_wconf 90' lang='lat' dir='ltr'><strong>ln</strong></span> <span class='ocrx_word' id='word_1_418' title='bbox 1613 4293 1846 4365; x_wconf 87' lang='lat' dir='ltr'><strong>interpretatione</strong></span> 
     </span>
     <span class='ocr_line' id='line_1_40' title="bbox 407 4378 1849 4454; baseline -0.003 -18"><span class='ocrx_word' id='word_1_419' title='bbox 407 4400 511 4438; x_wconf 88' lang='lat' dir='ltr'><strong>errores</strong></span> <span class='ocrx_word' id='word_1_420' title='bbox 529 4382 671 4452; x_wconf 81' lang='lat' dir='ltr'><strong>graviores</strong></span> <span class='ocrx_word' id='word_1_421' title='bbox 689 4383 768 4438; x_wconf 92' lang='lat' dir='ltr'><strong>libris</strong></span> <span class='ocrx_word' id='word_1_422' title='bbox 786 4383 914 4439; x_wconf 90' lang='lat' dir='ltr'><strong>omnibus</strong></span> <span class='ocrx_word' id='word_1_423' title='bbox 927 4400 1084 4439; x_wconf 86' lang='lat' dir='ltr'><strong>communes</strong></span> <span class='ocrx_word' id='word_1_424' title='bbox 1098 4383 1276 4454; x_wconf 89' lang='lat' dir='ltr'><strong>reperiuntur</strong></span> <span class='ocrx_word' id='word_1_425' title='bbox 1288 4383 1401 4452; x_wconf 87' lang='lat' dir='ltr'><strong>quidem</strong></span> <span class='ocrx_word' id='word_1_426' title='bbox 1414 4386 1452 4453; x_wconf 83' lang='lat' dir='ltr'><strong>(p.</strong></span> <span class='ocrx_word' id='word_1_427' title='bbox 1462 4381 1615 4450; x_wconf 75' lang='lat' dir='ltr'><strong>xxxvii),</strong></span> <span class='ocrx_word' id='word_1_428' title='bbox 1634 4381 1682 4435; x_wconf 92' lang='lat' dir='ltr'><strong>sed</strong></span> <span class='ocrx_word' id='word_1_429' title='bbox 1700 4378 1849 4434; x_wconf 88' lang='lat' dir='ltr'><strong>admodum</strong></span> 
     </span>
     <span class='ocr_line' id='line_1_41' title="bbox 407 4465 1848 4526; baseline -0.003 -4"><span class='ocrx_word' id='word_1_430' title='bbox 407 4486 476 4524; x_wconf 86' lang='lat' dir='ltr'><strong>raro.</strong></span> <span class='ocrx_word' id='word_1_431' title='bbox 506 4468 600 4524; x_wconf 86' lang='lat' dir='ltr'><strong>Etiam</strong></span> <span class='ocrx_word' id='word_1_432' title='bbox 618 4470 647 4524; x_wconf 91' lang='lat' dir='ltr'><strong>in</strong></span> <span class='ocrx_word' id='word_1_433' title='bbox 664 4475 744 4526; x_wconf 87' lang='lat' dir='ltr'><strong>textu</strong></span> <span class='ocrx_word' id='word_1_434' title='bbox 764 4470 994 4526; x_wconf 90' lang='lat' dir='ltr'><strong>constitutionum</strong></span> <span class='ocrx_word' id='word_1_435' title='bbox 1013 4489 1076 4525; x_wconf 85' lang='lat' dir='ltr'><strong>raro</strong></span> <span class='ocrx_word' id='word_1_436' title='bbox 1095 4473 1242 4525; x_wconf 91' lang='lat' dir='ltr'><strong>occurrunt</strong></span> <span class='ocrx_word' id='word_1_437' title='bbox 1261 4470 1366 4524; x_wconf 86' lang='lat' dir='ltr'><strong>similes</strong></span> <span class='ocrx_word' id='word_1_438' title='bbox 1381 4469 1497 4524; x_wconf 87' lang='lat' dir='ltr'><strong>mendae</strong></span> <span class='ocrx_word' id='word_1_439' title='bbox 1510 4467 1590 4522; x_wconf 91' lang='lat' dir='ltr'><strong>libris</strong></span> <span class='ocrx_word' id='word_1_440' title='bbox 1603 4485 1658 4522; x_wconf 93' lang='lat' dir='ltr'><strong>non</strong></span> <span class='ocrx_word' id='word_1_441' title='bbox 1672 4465 1848 4521; x_wconf 84' lang='lat' dir='ltr'><strong>variantibus</strong></span> 
     </span>
     <span class='ocr_line' id='line_1_42' title="bbox 407 4550 1851 4626; baseline -0.003 -17"><span class='ocrx_word' id='word_1_442' title='bbox 407 4560 435 4610; x_wconf 89' lang='lat' dir='ltr'><strong>et</strong></span> <span class='ocrx_word' id='word_1_443' title='bbox 453 4559 602 4625; x_wconf 90' lang='lat' dir='ltr'><strong>propterea</strong></span> <span class='ocrx_word' id='word_1_444' title='bbox 618 4557 778 4612; x_wconf 81' lang='lat' dir='ltr'><strong>referendae</strong></span> <span class='ocrx_word' id='word_1_445' title='bbox 799 4560 850 4612; x_wconf 89' lang='lat' dir='ltr'><strong>aut</strong></span> <span class='ocrx_word' id='word_1_446' title='bbox 872 4558 907 4612; x_wconf 87' lang='lat' dir='ltr'><strong>ad</strong></span> <span class='ocrx_word' id='word_1_447' title='bbox 926 4556 1112 4614; x_wconf 69' lang='lat' dir='ltr'><strong>&#39;theodosiani</strong></span> <span class='ocrx_word' id='word_1_448' title='bbox 1132 4557 1290 4626; x_wconf 89' lang='lat' dir='ltr'><strong>exemplum</strong></span> <span class='ocrx_word' id='word_1_449' title='bbox 1307 4557 1345 4611; x_wconf 91' lang='lat' dir='ltr'><strong>ab</strong></span> <span class='ocrx_word' id='word_1_450' title='bbox 1365 4554 1531 4618; x_wconf 80' lang='lat' dir='ltr'><strong>Alaricianis</strong></span> <span class='ocrx_word' id='word_1_451' title='bbox 1548 4557 1715 4623; x_wconf 88' lang='lat' dir='ltr'><strong>usurpatum</strong></span> <span class='ocrx_word' id='word_1_452' title='bbox 1737 4554 1788 4605; x_wconf 86' lang='lat' dir='ltr'><strong>aut</strong></span> <span class='ocrx_word' id='word_1_453' title='bbox 1813 4550 1851 4605; x_wconf 90' lang='lat' dir='ltr'><strong>ad</strong></span> 
     </span>
     <span class='ocr_line' id='line_1_43' title="bbox 406 4641 758 4711; baseline 0.011 -18"><span class='ocrx_word' id='word_1_454' title='bbox 406 4641 590 4711; x_wconf 86' lang='lat' dir='ltr'><strong>archetypum</strong></span> <span class='ocrx_word' id='word_1_455' title='bbox 609 4642 758 4698; x_wconf 90' lang='lat' dir='ltr'><strong>Breviarii:</strong></span> 
     </span>
    </p>

    <p class='ocr_par' dir='ltr' id='par_1_8' title="bbox 510 4746 1149 4817">
     <span class='ocr_line' id='line_1_44' title="bbox 510 4746 1149 4817; baseline 0.006 -18"><span class='ocrx_word' id='word_1_456' title='bbox 510 4746 629 4810; x_wconf 82' lang='lat'>3‚1,2,7</span> <span class='ocrx_word' id='word_1_457' title='bbox 682 4748 771 4817; x_wconf 86' lang='lat' dir='ltr'><strong>certa]</strong></span> <span class='ocrx_word' id='word_1_458' title='bbox 788 4749 824 4815; x_wconf 78' lang='lat' dir='ltr'><strong>fr.</strong></span> <span class='ocrx_word' id='word_1_459' title='bbox 841 4747 908 4814; x_wconf 80' lang='lat' dir='ltr'><strong>Vct,</strong></span> <span class='ocrx_word' id='word_1_460' title='bbox 929 4748 957 4802; x_wconf 90' lang='lat' dir='ltr'><strong>id</strong></span> <span class='ocrx_word' id='word_1_461' title='bbox 976 4752 1053 4804; x_wconf 89' lang='lat' dir='ltr'><strong>certa</strong></span> <span class='ocrx_word' id='word_1_462' title='bbox 1071 4750 1149 4803; x_wconf 82' lang='lat' dir='ltr'><strong>Rrec.</strong></span> 
     </span>
    </p>
   </div>
   <div class='ocr_carea' id='block_1_8' title="bbox 510 4833 1300 4991">
    <p class='ocr_par' dir='ltr' id='par_1_9' title="bbox 510 4833 1300 4991">
     <span class='ocr_line' id='line_1_45' title="bbox 510 4833 1207 4905; baseline 0.004 -19"><span class='ocrx_word' id='word_1_463' title='bbox 510 4833 534 4896; x_wconf 86' lang='lat'><strong>3,</strong></span> <span class='ocrx_word' id='word_1_464' title='bbox 545 4834 647 4899; x_wconf 80' lang='lat' dir='ltr'><strong>30‚o‚9</strong></span> <span class='ocrx_word' id='word_1_465' title='bbox 683 4835 856 4905; x_wconf 87' lang='lat' dir='ltr'><strong>mutandum]</strong></span> <span class='ocrx_word' id='word_1_466' title='bbox 873 4834 902 4899; x_wconf 74' lang='lat' dir='ltr'><strong>T,</strong></span> <span class='ocrx_word' id='word_1_467' title='bbox 921 4835 1108 4891; x_wconf 88' lang='lat' dir='ltr'><strong>mutilandum</strong></span> <span class='ocrx_word' id='word_1_468' title='bbox 1128 4837 1207 4890; x_wconf 73' lang='lat' dir='ltr'><strong>Broc.</strong></span> 
     </span>
     <span class='ocr_line' id='line_1_46' title="bbox 510 4917 1300 4991; baseline 0.004 -20"><span class='ocrx_word' id='word_1_469' title='bbox 510 4917 534 4978; x_wconf 88' lang='grc'><strong>8,</strong></span> <span class='ocrx_word' id='word_1_470' title='bbox 547 4919 587 4985; x_wconf 87' lang='lat'><strong>18,</strong></span> <span class='ocrx_word' id='word_1_471' title='bbox 596 4922 621 4985; x_wconf 83' lang='lat'><strong>9,</strong></span> <span class='ocrx_word' id='word_1_472' title='bbox 632 4922 660 4976; x_wconf 79' lang='grc'><strong>*1</strong></span> <span class='ocrx_word' id='word_1_473' title='bbox 684 4939 739 4976; x_wconf 88' lang='grc'><strong>606</strong></span> <span class='ocrx_word' id='word_1_474' title='bbox 757 4921 927 4991; x_wconf 83' lang='lat' dir='ltr'><strong>extantibus]</strong></span> <span class='ocrx_word' id='word_1_475' title='bbox 946 4922 1023 4987; x_wconf 76' lang='lat' dir='ltr'><strong>lust,</strong></span> <span class='ocrx_word' id='word_1_476' title='bbox 1041 4921 1203 4976; x_wconf 82' lang='lat' dir='ltr'><strong>extantibus</strong></span> <span class='ocrx_word' id='word_1_477' title='bbox 1223 4922 1300 4975; x_wconf 76' lang='lat' dir='ltr'><strong>Broc.</strong></span> 
     </span>
    </p>
   </div>
   <div class='ocr_carea' id='block_1_9' title="bbox 408 5037 1850 5456">
    <p class='ocr_par' dir='ltr' id='par_1_10' title="bbox 408 5037 1850 5456">
     <span class='ocr_line' id='line_1_47' title="bbox 409 5037 1850 5113; baseline 0.003 -23"><span class='ocrx_word' id='word_1_478' title='bbox 409 5037 530 5094; x_wconf 87' lang='lat' dir='ltr'><strong>Iudicem</strong></span> <span class='ocrx_word' id='word_1_479' title='bbox 550 5041 732 5107; x_wconf 87' lang='lat' dir='ltr'><strong>rubricarum,</strong></span> <span class='ocrx_word' id='word_1_480' title='bbox 757 5062 838 5111; x_wconf 87' lang='lat' dir='ltr'><strong>quern</strong></span> <span class='ocrx_word' id='word_1_481' title='bbox 861 5061 946 5113; x_wconf 90' lang='lat' dir='ltr'><strong>supra</strong></span> <span class='ocrx_word' id='word_1_482' title='bbox 968 5062 994 5113; x_wconf 90' lang='lat' dir='ltr'><strong>p.</strong></span> <span class='ocrx_word' id='word_1_483' title='bbox 1007 5045 1101 5098; x_wconf 75' lang='lat'>5-25</span> <span class='ocrx_word' id='word_1_484' title='bbox 1124 5043 1160 5098; x_wconf 81' lang='lat' dir='ltr'><strong>ad</strong></span> <span class='ocrx_word' id='word_1_485' title='bbox 1183 5043 1269 5097; x_wconf 87' lang='lat' dir='ltr'><strong>libros</strong></span> <span class='ocrx_word' id='word_1_486' title='bbox 1287 5039 1450 5096; x_wconf 83' lang='lat' dir='ltr'><strong><em>NABOLS</em></strong></span> <span class='ocrx_word' id='word_1_487' title='bbox 1466 5039 1662 5109; x_wconf 82' lang='lat' dir='ltr'><strong>expressimus,</strong></span> <span class='ocrx_word' id='word_1_488' title='bbox 1687 5056 1742 5094; x_wconf 92' lang='lat' dir='ltr'><strong>non</strong></span> <span class='ocrx_word' id='word_1_489' title='bbox 1761 5044 1850 5095; x_wconf 85' lang='lat' dir='ltr'><strong>trans·</strong></span> 
     </span>
     <span class='ocr_line' id='line_1_48' title="bbox 409 5124 1848 5199; baseline 0.003 -22"><span class='ocrx_word' id='word_1_490' title='bbox 409 5124 497 5178; x_wconf 88' lang='lat' dir='ltr'><strong>latum</strong></span> <span class='ocrx_word' id='word_1_491' title='bbox 516 5143 574 5181; x_wconf 89' lang='lat' dir='ltr'><strong>esse</strong></span> <span class='ocrx_word' id='word_1_492' title='bbox 593 5144 625 5181; x_wconf 91' lang='lat' dir='ltr'><strong>ex</strong></span> <span class='ocrx_word' id='word_1_493' title='bbox 644 5128 798 5195; x_wconf 85' lang='lat' dir='ltr'><strong>codicibus,</strong></span> <span class='ocrx_word' id='word_1_494' title='bbox 821 5147 891 5198; x_wconf 89' lang='lat' dir='ltr'><strong>qnos</strong></span> <span class='ocrx_word' id='word_1_495' title='bbox 909 5130 1063 5185; x_wconf 78' lang='lat' dir='ltr'><strong>Alariciani</strong></span> <span class='ocrx_word' id='word_1_496' title='bbox 1083 5130 1168 5199; x_wconf 90' lang='lat' dir='ltr'><strong>periti</strong></span> <span class='ocrx_word' id='word_1_497' title='bbox 1186 5129 1386 5189; x_wconf 83' lang='lat' dir='ltr'><strong>adhibuerunt,</strong></span> <span class='ocrx_word' id='word_1_498' title='bbox 1411 5127 1455 5181; x_wconf 89' lang='lat' dir='ltr'><strong>vel</strong></span> <span class='ocrx_word' id='word_1_499' title='bbox 1477 5126 1541 5181; x_wconf 91' lang='lat' dir='ltr'><strong>inde</strong></span> <span class='ocrx_word' id='word_1_500' title='bbox 1564 5125 1753 5196; x_wconf 78' lang='lat' dir='ltr'><strong>intellegitur,</strong></span> <span class='ocrx_word' id='word_1_501' title='bbox 1774 5126 1848 5195; x_wconf 90' lang='lat' dir='ltr'><strong>qnod</strong></span> 
     </span>
     <span class='ocr_line' id='line_1_49' title="bbox 408 5211 1849 5285; baseline 0.003 -22"><span class='ocrx_word' id='word_1_502' title='bbox 408 5211 566 5266; x_wconf 78' lang='lat' dir='ltr'><strong>universum</strong></span> <span class='ocrx_word' id='word_1_503' title='bbox 583 5213 753 5269; x_wconf 77' lang='lat' dir='ltr'><strong>Breviarium</strong></span> <span class='ocrx_word' id='word_1_504' title='bbox 773 5215 879 5285; x_wconf 87' lang='lat' dir='ltr'><strong>pariter</strong></span> <span class='ocrx_word' id='word_1_505' title='bbox 896 5216 1047 5285; x_wconf 87' lang='lat' dir='ltr'><strong>complecti</strong></span> <span class='ocrx_word' id='word_1_506' title='bbox 1064 5216 1137 5271; x_wconf 89' lang='lat' dir='ltr'><strong>solet</strong></span> <span class='ocrx_word' id='word_1_507' title='bbox 1155 5233 1244 5284; x_wconf 89' lang='lat' dir='ltr'><strong>neque</strong></span> <span class='ocrx_word' id='word_1_508' title='bbox 1263 5213 1321 5267; x_wconf 93' lang='lat' dir='ltr'><strong>ullo</strong></span> <span class='ocrx_word' id='word_1_509' title='bbox 1339 5213 1399 5267; x_wconf 92' lang='lat' dir='ltr'><strong>loco</strong></span> <span class='ocrx_word' id='word_1_510' title='bbox 1412 5212 1555 5268; x_wconf 80' lang='lat' dir='ltr'><strong>Bresiario</strong></span> <span class='ocrx_word' id='word_1_511' title='bbox 1573 5215 1667 5266; x_wconf 88' lang='lat' dir='ltr'><strong>nostro</strong></span> <span class='ocrx_word' id='word_1_512' title='bbox 1685 5211 1849 5281; x_wconf 87' lang='lat' dir='ltr'><strong>antiquiora</strong></span> 
     </span>
     <span class='ocr_line' id='line_1_50' title="bbox 410 5298 1850 5371; baseline 0.002 -20"><span class='ocrx_word' id='word_1_513' title='bbox 410 5298 610 5355; x_wconf 84' lang='lat' dir='ltr'><strong>subministrat.</strong></span> <span class='ocrx_word' id='word_1_514' title='bbox 635 5332 666 5342; x_wconf 96' lang='lat'><em>-</em></span> <span class='ocrx_word' id='word_1_515' title='bbox 690 5301 806 5356; x_wconf 86' lang='lat' dir='ltr'><strong>Msndae</strong></span> <span class='ocrx_word' id='word_1_516' title='bbox 827 5303 965 5371; x_wconf 86' lang='lat' dir='ltr'><strong>quaedam</strong></span> <span class='ocrx_word' id='word_1_517' title='bbox 988 5304 1019 5356; x_wconf 87' lang='lat' dir='ltr'><strong>et</strong></span> <span class='ocrx_word' id='word_1_518' title='bbox 1041 5302 1235 5357; x_wconf 86' lang='lat' dir='ltr'><strong>additamenta</strong></span> <span class='ocrx_word' id='word_1_519' title='bbox 1257 5298 1362 5353; x_wconf 88' lang='lat' dir='ltr'><strong>Indicis</strong></span> <span class='ocrx_word' id='word_1_520' title='bbox 1385 5299 1592 5369; x_wconf 85' lang='lat' dir='ltr'><strong>exemplaribus</strong></span> <span class='ocrx_word' id='word_1_521' title='bbox 1614 5298 1755 5368; x_wconf 89' lang='lat' dir='ltr'><strong>plerisque</strong></span> <span class='ocrx_word' id='word_1_522' title='bbox 1777 5316 1850 5354; x_wconf 90' lang='lat' dir='ltr'><strong>com-</strong></span> 
     </span>
     <span class='ocr_line' id='line_1_51' title="bbox 410 5384 1819 5456; baseline 0.001 -18"><span class='ocrx_word' id='word_1_523' title='bbox 410 5386 504 5440; x_wconf 89' lang='lat' dir='ltr'><strong>munia</strong></span> <span class='ocrx_word' id='word_1_524' title='bbox 522 5387 639 5442; x_wconf 87' lang='lat' dir='ltr'><strong>redeunt</strong></span> <span class='ocrx_word' id='word_1_525' title='bbox 657 5387 726 5442; x_wconf 89' lang='lat' dir='ltr'><strong>item</strong></span> <span class='ocrx_word' id='word_1_526' title='bbox 746 5387 773 5441; x_wconf 87' lang='lat' dir='ltr'><strong>in</strong></span> <span class='ocrx_word' id='word_1_527' title='bbox 791 5386 917 5450; x_wconf 88' lang='lat' dir='ltr'><strong>rubricis,</strong></span> <span class='ocrx_word' id='word_1_528' title='bbox 934 5388 1032 5456; x_wconf 88' lang='lat' dir='ltr'><strong>quales</strong></span> <span class='ocrx_word' id='word_1_529' title='bbox 1050 5404 1097 5442; x_wconf 89' lang='lat' dir='ltr'><strong>eas</strong></span> <span class='ocrx_word' id='word_1_530' title='bbox 1115 5386 1251 5441; x_wconf 86' lang='lat' dir='ltr'><strong>exhibent</strong></span> <span class='ocrx_word' id='word_1_531' title='bbox 1268 5384 1355 5455; x_wconf 88' lang='lat' dir='ltr'><strong>ipsius</strong></span> <span class='ocrx_word' id='word_1_532' title='bbox 1373 5384 1510 5440; x_wconf 80' lang='lat' dir='ltr'><strong>Breviarii</strong></span> <span class='ocrx_word' id='word_1_533' title='bbox 1528 5384 1700 5454; x_wconf 85' lang='lat' dir='ltr'><strong>exemplaria</strong></span> <span class='ocrx_word' id='word_1_534' title='bbox 1717 5385 1819 5441; x_wconf 86' lang='lat' dir='ltr'><strong>multa:</strong></span> 
     </span>
    </p>
   </div>
   <div class='ocr_carea' id='block_1_10' title="bbox 0 0 2268 6116">
    <p class='ocr_par' dir='ltr' id='par_1_11' title="bbox 0 0 2268 6116">
     <span class='ocr_line' id='line_1_52' title="bbox 0 0 2268 6116; baseline 0 0"><span class='ocrx_word' id='word_1_535' title='bbox 0 0 2268 6116; x_wconf 95' lang='lat' dir='ltr'><strong> </strong></span> 
     </span>
    </p>
   </div>
  </div>
 </body>
</html>
