4517 6125
424 698 688 762 GREGORIANVS

403 2022 655 2087 15518,53,1-24

403 2110 471 2164 lust
482 2108 508 2174 8,
519 2109 560 2173 55,
572 2110 638 2164 1-5

1024 575 1058 591 ·-
1093 542 1160 607 xxi
1196 580 1230 592 -

911 704 1191 762 THEODOSIANVS
1498 703 1737 764 IVSTINIANVS

753 825 772 880 4
789 824 824 881 de
842 825 1047 890 cohortalibus,
1066 824 1252 896 principibus,
1270 826 1358 882 corni·
1387 828 1427 892 12,
1438 828 1472 881 57
1492 851 1524 873 =

790 909 904 966 culariis
922 914 952 966 et
970 910 1194 982 primipilaribus

756 998 773 1051 5
791 995 825 1052 55
838 1014 920 1094 cursu
933 996 1056 1067 publico,
1072 997 1198 1069 angariis
1214 1001 1245 1054 et
1260 1016 1359 1070 paran-
1387 996 1427 1062 12,
1437 997 1472 1053 50
1490 1019 1523 1043 =

757 1099 986 1224 dibriiactoriis
1003 1171 1033 1225 et
1050 1168 1164 1224 stativis
1387 1170 1428 1234 12,
1438 1171 1469 1225 51
1491 1194 1524 1216 --

757 1255 773 1307 7
791 1254 825 1309 55
844 1254 961 1310 diversis
979 1252 1079 1309 officiis
1099 1259 1129 1311 et
1147 1255 1359 1327 apparitoribus
1387 1255 1427 1322 12,
1438 1256 1471 1311 59
1491 1279 1524 1303 =

794 1342 825 1395 51
842 1339 1013 1411 probatoriis
1030 1357 1126 1396 eorum

757 1425 774 1479 8
792 1425 827 1482 de
844 1425 1039 1482 executoribus
1056 1431 1086 1481 et
1103 1427 1297 1483 exactionibus
1387 1427 1472 1493 laco
1489 1426 1523 1481 de
1545 1428 1740 1484 executoribus
1759 1432 1789 1484 et
1806 1445 1852 1484 ex-

1437 1513 1580 1569 actoribus

757 1597 775 1652 9
793 1598 827 1654 55
845 1596 931 1653 155115
948 1597 1103 1654 officiorum
1405 1599 1445 1666 12,
1453 1600 1485 1654 51
1506 1599 1540 1657 55
1553 1599 1638 1655 155115
1650 1600 1850 1656 advocatorum

742 1683 775 1739 10
792 1684 826 1739 55
839 1683 1066 1741 concussionibus
1083 1685 1283 1742 advocatorum
1301 1685 1360 1741 sive
1455 1689 1485 1740 51
1502 1685 1730 1741 concussionibus
1748 1685 1850 1740 officio

792 1769 987 1840 apparitorum
1454 1788 1516 1825 rum
1534 1769 1594 1825 sive
1611 1771 1805 1842 apparitorum

742 1855 772 1909 11
791 1872 827 1910 55
838 1855 907 1925 5515
918 1857 1050 1927 publicae
1066 1856 1196 1914 laetitiae
1208 1856 1360 1914 nuntii...
1389 1859 1428 1922 12,
1438 1856 1473 1912 63
1494 1856 1625 1927 publicae
1651 1857 1779 1914 laetitiae
1806 1857 1849 1912 vel

793 1940 937 2010 accipiant
1439 1941 1583 1997 consulum
1600 1941 1775 1999 nuntiatores
1792 1947 1837 1997 551.

742 2026 775 2080 12
792 2026 826 2082 55
845 2027 1044 2085 donationibus
1386 2029 1411 2094 8,
1422 2028 1456 2082 53
1475 2051 1508 2074 =

742 2111 775 2166 13
793 2112 827 2168 55
845 2115 1009 2169 revocandis
1026 2114 1225 2171 donationibus
1386 2115 1411 2181 8,
1421 2116 1455 2171 55
1475 2137 1508 2160 =

743 2198 775 2253 14
793 2197 827 2253 de
845 2197 965 2270 ingratis
982 2200 1079 2255 liberis
1388 2200 1412 2266 8,
1421 2201 1455 2256 49
1475 2223 1508 2246 =

744 2284 775 2337 15
793 2285 827 2340 55
848 2283 885 2340 115
902 2304 974 2354 quae
995 2285 1282 2342 administrantibus.
1302 2328 1307 2340 .
1328 2328 1334 2341 .
1355 2328 1362 2342 .

793 2368 929 2426 distr-acta
947 2376 1013 2427 sunt
1031 2373 1075 2428 vel
1095 2374 1200 2428 donata

744 2454 776 2509 15
794 2455 828 2511 55
847 2454 1018 2513 1555555515
1036 2458 1134 2528 poenis
1153 2459 1311 2515 caelibatus
1333 2463 1362 2515 51
1388 2457 1413 2522 8,
1424 2457 1457 2511 57
1477 2478 1509 2503 =

794 2541 927 2597 orbitatis

744 2627 775 2681 17
795 2627 829 2682 55
849 2627 909 2684 1515
927 2629 1079 2685 liberorum
1388 2628 1458 2694 8,58
1477 2652 1510 2676 =

673 2760 678 2764 .
744 2711 777 2767 18
794 2713 829 2769 de
842 2713 976 2771 maternis
987 2715 1068 2770 bonis
1080 2721 1109 2772 51
1121 2717 1241 2773 materni
1253 2717 1363 2790 generis
1388 2715 1413 2779 5,
1425 2714 1460 2770 50
1478 2737 1511 2761 --·

411 3386 477 3441 lust.
485 3386 511 3450 9,
521 3386 545 3450 2,
557 3385 641 3439 1-12

411 3726 612 3792 11515515

412 3985 478 4040 lust
488 3987 513 4052 9,
523 3986 548 4050 9,
559 3986 643 4041 1-27

413 4929 483 4983 rust
491 4930 517 4996 a,
529 4927 569 4995 11,
580 4926 647 4981 1-5

414 5184 485 5240 Iust
493 5186 518 5249 9,
529 5184 570 5250 18,
581 5186 605 5241 1.
616 5186 634 5240 2

415 5357 520 5425 15519,
530 5357 571 5425 19,
583 5356 596 5411 1

795 2801 825 2855 51
843 2800 965 2857 51511555
983 2800 1098 2857 sublata

745 2885 776 2939 19
794 2885 829 2941 55
840 2885 920 2941 55515
932 2904 1004 2955 quae
1016 2886 1207 2945 filiisfamilias
1223 2906 1256 2945 er
1268 2889 1364 2945 matri-
1389 2887 1454 2953 5,(11
1475 2887 1509 2942 55
1528 2885 1608 2940 55515
1626 2902 1698 2954 5555
1714 2885 1812 2941 1155115
1822 2886 1852 2941 in

794 2970 887 3027 monio
904 2972 1090 3040 adquiruntur
1439 2975 1583 3043 potestate
1621 2970 1782 3026 constitutis
1820 2988 1854 3027 ex

1441 3057 1618 3114 matrimonio
1637 3057 1681 3114 vel
1705 3057 1790 3115 aliter
1808 3058 1854 3113 nd·

1443 3144 1591 3214 quiruntur
1608 3150 1654 3199 551.

871 3264 1119 3320 THEODOSIANI
1143 3264 1251 3321 LIBER
1273 3266 1399 3322 NONVS

765 3386 777 3439 l
797 3385 832 3440 55
850 3386 1076 3441 accusationibus
1088 3390 1118 3443 51
1134 3386 1364 3459 inscriptionibus
1389 3386 1443 3453 9,2
1461 3408 1494 3432 =

762 3472 780 3526 2
799 3471 832 3525 (15
845 3471 1008 3527 exhibendis
1019 3473 1064 3527 151
1076 3473 1299 3529 transmittendis
1310 3472 1365 3529 reis
1389 3474 1443 3538 9,3
1460 3494 1494 3519 ==

765 3556 782 3610 3
799 3557 834 3613 de
853 3558 981 3613 custodia
998 3575 1108 3614 reorum
1390 3560 1445 3623 9,4
1464 3579 1496 3604 ==

763 3643 781 3695 4
798 3642 823 3697 si
840 3643 903 3712 quis
920 3644 1084 3714 imperatori
1102 3644 1280 3700 maledixerit
1390 3646 1442 3710 9,7
1462 3666 1495 3690 =

764 3730 781 3781 5
799 3729 836 3784 55
853 3728 945 3800 legem
963 3730 1065 3785 Iuliam
1082 3730 1241 3785 5515515115
1391 3730 1444 3794 9,8
1462 3751 1494 3776 =

765 3814 781 3867 6
799 3833 834 3871 55
851 3821 963 3885 praeter
974 3815 1078 3872 crimen
1094 3816 1253 3872 maiestatis
1270 3834 1366 3871 servus

799 3900 939 3956 dominnm
958 3942 1004 3955 ...
1022 3905 1137 3958 accuset

765 3985 781 4038 1
799 3986 835 4041 ad
853 3986 943 4058 legem
962 3987 1063 4043 Iuliam
1081 3988 1115 4043 de
1133 3988 1281 4045 adulteriis
1392 3992 1444 4057 9,9
1462 3991 1498 4045 55
1510 3989 1604 4046 1155
1616 3989 1700 4043 adet
1712 3987 1746 4042 55
1759 3989 1856 4056 stupro

765 4071 782 4125 8
799 4070 823 4125 si
841 4072 905 4142 quis
922 4090 992 4138 eam,
1011 4074 1089 4129 cuius
1107 4077 1185 4130 15151
1197 4074 1291 4141 155111,
1310 4092 1367 4131 551-
1393 4076 1463 4141 9,1(1
1481 4099 1515 4123 =

800 4156 908 4227 ruperit

765 4243 834 4299 955
853 4244 1029 4311 mulieribus,
1054 4263 1126 4315 quae
1148 4264 1177 4301 se
1201 4246 1288 4302 servis
1306 4266 1367 4317 pro·
1393 4250 1461 4314 9,11
1483 4251 1536 4295 ='

800 4329 870 4399 priis
886 4330 1036 4387 iunxerunt

751 4415 784 4471 10
802 4415 838 4469 55
860 4416 952 4486 legem
970 4416 1072 4472 Iuliam
1095 4418 1129 4474 55
1148 4417 1176 4472 11
1201 4418 1317 4489 publica
1338 4423 1368 4476 et
1394 4418 1463 4485 9,12
1482 4441 1515 4465 =

801 4499 916 4570 privata

751 4587 781 4641 11
802 4587 835 4643 de
854 4586 960 4657 privati
978 4587 1097 4644 carceris
1115 4590 1244 4645 custodia
1395 4591 1445 4655 9,5
1463 4590 1498 4646 55
1510 4587 1632 4658 privatis
1644 4586 1800 4644 carceribus
1817 4586 1859 4641 in·

1448 4674 1578 4731 bibendis

751 4760 784 4813 12
801 4759 835 4815 de
853 4760 1047 4817 emendatione
1065 4778 1206 4817 servorum
1396 4763 1421 4826 9,
1432 4762 1465 4815 14
1483 4784 1516 4807 =

752 4844 785 4898 13
802 4845 837 4901 55
855 4845 1048 4901 emendatione
1067 4848 1286 4917 propinquorum
1395 4848 1465 4912 9,15
1483 4870 1515 4893 =

753 4929 786 4984 14
802 4930 840 4985 55
857 4931 949 5002 legem
966 4930 1123 4987 Corneliam
1142 4934 1176 4989 de
1194 4933 1303 4990 sicariis
1396 4933 1465 4998 9,16
1484 4957 1516 4979 -·

753 5016 785 5069 15
804 5015 837 5072 55
857 5015 1010 5085 parricidio
1396 5020 1463 5084 9,17
1482 5018 1646 5090 5511111551
1665 5024 1795 5090 parentes
1814 5019 1859 5075 vel

1448 5104 1550 5160 liberos
1568 5106 1729 5161 occiderunt

754 5187 786 5241 15
804 5187 838 5241 55
866 5188 1001 5243 maleficis
1035 5192 1065 5244 et
1098 5191 1307 5248 mathematicis
1341 5196 1370 5250 et
1396 5191 1466 5254 9,18
1485 5214 1517 5237 =

803 5272 904 5328 ceteris
922 5273 1060 5330 similibus

754 5357 786 5412 17
804 5357 838 5415 55
855 5358 992 5429 sepulcris
1009 5360 1124 5416 violatis
1397 5363 1465 5427 9,19
1485 5386 1516 5410 =
