<?xml version="1.0" encoding="UTF-8"?>
<!DOCTYPE html PUBLIC "-//W3C//DTD XHTML 1.0 Transitional//EN"
    "http://www.w3.org/TR/xhtml1/DTD/xhtml1-transitional.dtd">
<html xmlns="http://www.w3.org/1999/xhtml" xml:lang="en" lang="en">
 <head>
  <title>
</title>
<meta http-equiv="Content-Type" content="text/html;charset=utf-8" />
  <meta name='ocr-system' content='tesseract 3.04.00' />
  <meta name='ocr-capabilities' content='ocr_page ocr_carea ocr_par ocr_line ocrx_word'/>
</head>
<body>
  <div class='ocr_page' id='page_1' title='image "./theodosianilibr00sirmgoog_0045.png"; bbox 0 0 4517 6125; ppageno 0'>
   <div class='ocr_carea' id='block_1_1' title="bbox 991 575 1262 638">
    <p class='ocr_par' dir='ltr' id='par_1_1' title="bbox 991 575 1262 638">
     <span class='ocr_line' id='line_1_1' title="bbox 991 575 1262 638; baseline 0.007 -2"><span class='ocrx_word' id='word_1_1' title='bbox 991 607 1025 623; x_wconf 88' lang='lat'><em>-</em></span> <span class='ocrx_word' id='word_1_2' title='bbox 1060 575 1193 638; x_wconf 78' lang='lat' dir='ltr'>XXXVII</span> <span class='ocrx_word' id='word_1_3' title='bbox 1228 610 1262 624; x_wconf 90' lang='lat'>-</span> 
     </span>
    </p>
   </div>
   <div class='ocr_carea' id='block_1_2' title="bbox 470 733 1845 1419">
    <p class='ocr_par' dir='ltr' id='par_1_2' title="bbox 470 733 1845 1419">
     <span class='ocr_line' id='line_1_2' title="bbox 470 733 1843 809; baseline 0.002 -13"><span class='ocrx_word' id='word_1_4' title='bbox 470 736 551 796; x_wconf 84' lang='lat' dir='ltr'><strong>brevi</strong></span> <span class='ocrx_word' id='word_1_5' title='bbox 568 734 620 795; x_wconf 89' lang='lat' dir='ltr'><strong>sub</strong></span> <span class='ocrx_word' id='word_1_6' title='bbox 638 733 737 795; x_wconf 78' lang='lat' dir='ltr'><strong>Gothis</strong></span> <span class='ocrx_word' id='word_1_7' title='bbox 754 735 880 802; x_wconf 83' lang='lat' dir='ltr'><strong>fuerunt,</strong></span> <span class='ocrx_word' id='word_1_8' title='bbox 903 743 932 794; x_wconf 91' lang='lat' dir='ltr'><strong>et</strong></span> <span class='ocrx_word' id='word_1_9' title='bbox 949 738 1114 809; x_wconf 76' lang='lat' dir='ltr'><strong>pependisse</strong></span> <span class='ocrx_word' id='word_1_10' title='bbox 1133 738 1245 797; x_wconf 90' lang='lat' dir='ltr'><strong>videtur</strong></span> <span class='ocrx_word' id='word_1_11' title='bbox 1263 757 1318 796; x_wconf 89' lang='lat' dir='ltr'><strong>non</strong></span> <span class='ocrx_word' id='word_1_12' title='bbox 1335 745 1394 797; x_wconf 91' lang='lat' dir='ltr'><strong>tam</strong></span> <span class='ocrx_word' id='word_1_13' title='bbox 1412 756 1430 795; x_wconf 87' lang='lat' dir='ltr'><strong>a</strong></span> <span class='ocrx_word' id='word_1_14' title='bbox 1449 736 1666 798; x_wconf 75' lang='lat' dir='ltr'><strong>commonitorio</strong></span> <span class='ocrx_word' id='word_1_15' title='bbox 1683 739 1843 800; x_wconf 77' lang='lat' dir='ltr'><strong>Alariciano</strong></span> 
     </span>
     <span class='ocr_line' id='line_1_3' title="bbox 470 824 1844 903; baseline 0.004 -22"><span class='ocrx_word' id='word_1_16' title='bbox 470 827 651 898; x_wconf 85' lang='lat' dir='ltr'><strong>(quamquam</strong></span> <span class='ocrx_word' id='word_1_17' title='bbox 667 824 697 880; x_wconf 90' lang='lat' dir='ltr'><strong>id</strong></span> <span class='ocrx_word' id='word_1_18' title='bbox 714 843 825 895; x_wconf 91' lang='lat' dir='ltr'><strong>quoque</strong></span> <span class='ocrx_word' id='word_1_19' title='bbox 842 826 966 895; x_wconf 77' lang='lat' dir='ltr'><strong>aliquem</strong></span> <span class='ocrx_word' id='word_1_20' title='bbox 984 826 1075 882; x_wconf 89' lang='lat' dir='ltr'><strong>locum</strong></span> <span class='ocrx_word' id='word_1_21' title='bbox 1096 826 1126 882; x_wconf 91' lang='lat' dir='ltr'><strong>in</strong></span> <span class='ocrx_word' id='word_1_22' title='bbox 1149 844 1184 884; x_wconf 89' lang='lat' dir='ltr'><strong>ea</strong></span> <span class='ocrx_word' id='word_1_23' title='bbox 1200 845 1229 882; x_wconf 89' lang='lat' dir='ltr'><strong>re</strong></span> <span class='ocrx_word' id='word_1_24' title='bbox 1247 827 1380 884; x_wconf 82' lang='lat' dir='ltr'><strong>habuisse</strong></span> <span class='ocrx_word' id='word_1_25' title='bbox 1400 827 1511 884; x_wconf 90' lang='lat' dir='ltr'><strong>videtur</strong></span> <span class='ocrx_word' id='word_1_26' title='bbox 1528 832 1628 900; x_wconf 78' lang='lat' dir='ltr'><strong>utpote</strong></span> <span class='ocrx_word' id='word_1_27' title='bbox 1648 834 1792 903; x_wconf 88' lang='lat' dir='ltr'><strong>receptum</strong></span> <span class='ocrx_word' id='word_1_28' title='bbox 1814 831 1844 886; x_wconf 92' lang='lat' dir='ltr'><strong>in</strong></span> 
     </span>
     <span class='ocr_line' id='line_1_4' title="bbox 471 913 1844 988; baseline 0.002 -17"><span class='ocrx_word' id='word_1_29' title='bbox 471 916 610 988; x_wconf 84' lang='lat' dir='ltr'><strong>epitomas</strong></span> <span class='ocrx_word' id='word_1_30' title='bbox 623 915 781 985; x_wconf 88' lang='lat' dir='ltr'><strong>plerasque)</strong></span> <span class='ocrx_word' id='word_1_31' title='bbox 796 931 880 982; x_wconf 89' lang='lat' dir='ltr'><strong>quam</strong></span> <span class='ocrx_word' id='word_1_32' title='bbox 898 932 916 970; x_wconf 89' lang='lat' dir='ltr'><strong>a</strong></span> <span class='ocrx_word' id='word_1_33' title='bbox 933 913 1002 969; x_wconf 90' lang='lat' dir='ltr'><strong>iuris</strong></span> <span class='ocrx_word' id='word_1_34' title='bbox 1013 913 1132 971; x_wconf 85' lang='lat' dir='ltr'><strong>Romani</strong></span> <span class='ocrx_word' id='word_1_35' title='bbox 1148 915 1278 987; x_wconf 84' lang='lat' dir='ltr'><strong>legitima</strong></span> <span class='ocrx_word' id='word_1_36' title='bbox 1293 916 1437 988; x_wconf 76' lang='lat' dir='ltr'><strong>agnitione</strong></span> <span class='ocrx_word' id='word_1_37' title='bbox 1450 917 1560 972; x_wconf 86' lang='lat' dir='ltr'><strong>civibus</strong></span> <span class='ocrx_word' id='word_1_38' title='bbox 1571 917 1704 974; x_wconf 81' lang='lat' dir='ltr'><strong>Romanis</strong></span> <span class='ocrx_word' id='word_1_39' title='bbox 1715 919 1844 975; x_wconf 89' lang='lat' dir='ltr'><strong>omnibns</strong></span> 
     </span>
     <span class='ocr_line' id='line_1_5' title="bbox 470 1000 1844 1075; baseline 0.002 -16"><span class='ocrx_word' id='word_1_40' title='bbox 470 1007 501 1059; x_wconf 91' lang='lat' dir='ltr'><strong>ct</strong></span> <span class='ocrx_word' id='word_1_41' title='bbox 519 1001 628 1059; x_wconf 81' lang='lat' dir='ltr'><strong>clericis</strong></span> <span class='ocrx_word' id='word_1_42' title='bbox 645 1001 822 1072; x_wconf 87' lang='lat' dir='ltr'><strong>potissimum</strong></span> <span class='ocrx_word' id='word_1_43' title='bbox 834 1018 885 1071; x_wconf 92' lang='lat' dir='ltr'><strong>per</strong></span> <span class='ocrx_word' id='word_1_44' title='bbox 896 1000 1007 1056; x_wconf 83' lang='lat' dir='ltr'><strong>diversa</strong></span> <span class='ocrx_word' id='word_1_45' title='bbox 1024 1019 1111 1072; x_wconf 89' lang='lat' dir='ltr'><strong>regna</strong></span> <span class='ocrx_word' id='word_1_46' title='bbox 1124 1001 1237 1057; x_wconf 83' lang='lat' dir='ltr'><strong>Gallica</strong></span> <span class='ocrx_word' id='word_1_47' title='bbox 1254 1002 1421 1075; x_wconf 76' lang='lat' dir='ltr'><strong>degentibus</strong></span> <span class='ocrx_word' id='word_1_48' title='bbox 1439 1003 1591 1068; x_wconf 86' lang='lat' dir='ltr'><strong>commuui;</strong></span> <span class='ocrx_word' id='word_1_49' title='bbox 1609 1021 1665 1074; x_wconf 93' lang='lat' dir='ltr'><strong>quo</strong></span> <span class='ocrx_word' id='word_1_50' title='bbox 1682 1004 1751 1061; x_wconf 91' lang='lat' dir='ltr'><strong>item</strong></span> <span class='ocrx_word' id='word_1_51' title='bbox 1769 1008 1844 1062; x_wconf 87' lang='lat' dir='ltr'><strong>recte</strong></span> 
     </span>
     <span class='ocr_line' id='line_1_6' title="bbox 471 1085 1844 1160; baseline 0.004 -18"><span class='ocrx_word' id='word_1_52' title='bbox 471 1087 575 1151; x_wconf 73' lang='lat' dir='ltr'><strong>hahes.</strong></span> <span class='ocrx_word' id='word_1_53' title='bbox 593 1088 669 1156; x_wconf 92' lang='lat' dir='ltr'><strong>qnod</strong></span> <span class='ocrx_word' id='word_1_54' title='bbox 685 1087 791 1158; x_wconf 88' lang='lat' dir='ltr'><strong>passim</strong></span> <span class='ocrx_word' id='word_1_55' title='bbox 807 1085 946 1156; x_wconf 90' lang='lat' dir='ltr'><strong>reperitur</strong></span> <span class='ocrx_word' id='word_1_56' title='bbox 963 1086 1134 1142; x_wconf 88' lang='lat' dir='ltr'><strong>breviarium</strong></span> <span class='ocrx_word' id='word_1_57' title='bbox 1153 1091 1267 1144; x_wconf 87' lang='lat' dir='ltr'><strong>auctum</strong></span> <span class='ocrx_word' id='word_1_58' title='bbox 1286 1105 1319 1144; x_wconf 85' lang='lat' dir='ltr'><strong>ex</strong></span> <span class='ocrx_word' id='word_1_59' title='bbox 1338 1088 1420 1143; x_wconf 91' lang='lat' dir='ltr'><strong>Pauli</strong></span> <span class='ocrx_word' id='word_1_60' title='bbox 1438 1090 1587 1145; x_wconf 86' lang='lat' dir='ltr'><strong>sententiis</strong></span> <span class='ocrx_word' id='word_1_61' title='bbox 1605 1090 1696 1160; x_wconf 88' lang='lat' dir='ltr'><strong>plenis</strong></span> <span class='ocrx_word' id='word_1_62' title='bbox 1715 1095 1745 1147; x_wconf 90' lang='lat' dir='ltr'><strong>et</strong></span> <span class='ocrx_word' id='word_1_63' title='bbox 1756 1092 1844 1148; x_wconf 83' lang='lat' dir='ltr'><strong>Theo·</strong></span> 
     </span>
     <span class='ocr_line' id='line_1_7' title="bbox 471 1172 1845 1250; baseline 0.003 -21"><span class='ocrx_word' id='word_1_64' title='bbox 471 1173 588 1230; x_wconf 91' lang='lat' dir='ltr'><strong>dosiauo</strong></span> <span class='ocrx_word' id='word_1_65' title='bbox 599 1173 773 1243; x_wconf 88' lang='lat' dir='ltr'><strong>novellisque</strong></span> <span class='ocrx_word' id='word_1_66' title='bbox 785 1173 845 1230; x_wconf 89' lang='lat' dir='ltr'><strong>eius</strong></span> <span class='ocrx_word' id='word_1_67' title='bbox 861 1172 930 1229; x_wconf 90' lang='lat' dir='ltr'><strong>item</strong></span> <span class='ocrx_word' id='word_1_68' title='bbox 946 1173 1037 1244; x_wconf 89' lang='lat' dir='ltr'><strong>plenis</strong></span> <span class='ocrx_word' id='word_1_69' title='bbox 1049 1173 1243 1244; x_wconf 68' lang='lat' dir='ltr'><strong>repetiturque</strong></span> <span class='ocrx_word' id='word_1_70' title='bbox 1257 1174 1326 1231; x_wconf 83' lang='lat' dir='ltr'><strong>item</strong></span> <span class='ocrx_word' id='word_1_71' title='bbox 1338 1174 1517 1231; x_wconf 89' lang='lat' dir='ltr'><strong>coniunctum</strong></span> <span class='ocrx_word' id='word_1_72' title='bbox 1530 1193 1593 1232; x_wconf 92' lang='lat' dir='ltr'><strong>cum</strong></span> <span class='ocrx_word' id='word_1_73' title='bbox 1605 1176 1722 1248; x_wconf 79' lang='lat' dir='ltr'><strong>Ulpiani</strong></span> <span class='ocrx_word' id='word_1_74' title='bbox 1740 1178 1845 1250; x_wconf 90' lang='lat' dir='ltr'><strong>regulis</strong></span> 
     </span>
     <span class='ocr_line' id='line_1_8' title="bbox 472 1260 1845 1334; baseline 0.004 -19"><span class='ocrx_word' id='word_1_75' title='bbox 472 1263 502 1315; x_wconf 89' lang='lat' dir='ltr'><strong>et</strong></span> <span class='ocrx_word' id='word_1_76' title='bbox 525 1260 588 1330; x_wconf 88' lang='lat' dir='ltr'><strong>lage</strong></span> <span class='ocrx_word' id='word_1_77' title='bbox 606 1261 732 1316; x_wconf 87' lang='lat' dir='ltr'><strong>Romana</strong></span> <span class='ocrx_word' id='word_1_78' title='bbox 750 1260 990 1331; x_wconf 81' lang='lat' dir='ltr'><strong>Burgundionum,</strong></span> <span class='ocrx_word' id='word_1_79' title='bbox 1014 1260 1178 1330; x_wconf 87' lang='lat' dir='ltr'><strong>posthabito</strong></span> <span class='ocrx_word' id='word_1_80' title='bbox 1202 1261 1278 1317; x_wconf 91' lang='lat' dir='ltr'><strong>iussu</strong></span> <span class='ocrx_word' id='word_1_81' title='bbox 1295 1261 1402 1317; x_wconf 82' lang='lat' dir='ltr'><strong>Alarici</strong></span> <span class='ocrx_word' id='word_1_82' title='bbox 1419 1262 1507 1334; x_wconf 83' lang='lat' dir='ltr'><strong>regis,</strong></span> <span class='ocrx_word' id='word_1_83' title='bbox 1532 1280 1587 1332; x_wconf 93' lang='lat' dir='ltr'><strong>quo</strong></span> <span class='ocrx_word' id='word_1_84' title='bbox 1608 1281 1688 1319; x_wconf 85' lang='lat' dir='ltr'><strong>usum</strong></span> <span class='ocrx_word' id='word_1_85' title='bbox 1711 1264 1845 1320; x_wconf 91' lang='lat' dir='ltr'><strong>librorum</strong></span> 
     </span>
     <span class='ocr_line' id='line_1_9' title="bbox 471 1346 1238 1419; baseline 0.001 -18"><span class='ocrx_word' id='word_1_86' title='bbox 471 1346 541 1401; x_wconf 90' lang='lat' dir='ltr'><strong>iuris</strong></span> <span class='ocrx_word' id='word_1_87' title='bbox 557 1346 675 1403; x_wconf 85' lang='lat' dir='ltr'><strong>Romani</strong></span> <span class='ocrx_word' id='word_1_88' title='bbox 692 1347 810 1404; x_wconf 85' lang='lat' dir='ltr'><strong>aliorum</strong></span> <span class='ocrx_word' id='word_1_89' title='bbox 830 1346 859 1401; x_wconf 90' lang='lat' dir='ltr'><strong>in</strong></span> <span class='ocrx_word' id='word_1_90' title='bbox 876 1364 926 1402; x_wconf 89' lang='lat' dir='ltr'><strong>suo</strong></span> <span class='ocrx_word' id='word_1_91' title='bbox 944 1365 1029 1419; x_wconf 90' lang='lat' dir='ltr'><strong>regno</strong></span> <span class='ocrx_word' id='word_1_92' title='bbox 1047 1347 1238 1404; x_wconf 87' lang='lat' dir='ltr'><strong>interdixerat.</strong></span> 
     </span>
    </p>
   </div>
   <div class='ocr_carea' id='block_1_3' title="bbox 411 1449 1851 3690">
    <p class='ocr_par' dir='ltr' id='par_1_3' title="bbox 411 1449 1851 3690">
     <span class='ocr_line' id='line_1_10' title="bbox 411 1449 1846 1524; baseline 0.001 -18"><span class='ocrx_word' id='word_1_93' title='bbox 411 1451 453 1506; x_wconf 90' lang='grc'>10.</span> <span class='ocrx_word' id='word_1_94' title='bbox 473 1450 623 1506; x_wconf 75' lang='lat' dir='ltr'><strong>Pmeterea</strong></span> <span class='ocrx_word' id='word_1_95' title='bbox 634 1450 763 1520; x_wconf 89' lang='lat' dir='ltr'><strong>quaestio</strong></span> <span class='ocrx_word' id='word_1_96' title='bbox 775 1449 871 1515; x_wconf 89' lang='lat' dir='ltr'><strong>oritur,</strong></span> <span class='ocrx_word' id='word_1_97' title='bbox 889 1467 981 1506; x_wconf 90' lang='lat' dir='ltr'><strong>annon</strong></span> <span class='ocrx_word' id='word_1_98' title='bbox 998 1449 1132 1505; x_wconf 86' lang='lat' dir='ltr'><strong>breviarii</strong></span> <span class='ocrx_word' id='word_1_99' title='bbox 1149 1468 1229 1505; x_wconf 90' lang='lat' dir='ltr'><strong>usum</strong></span> <span class='ocrx_word' id='word_1_100' title='bbox 1243 1450 1379 1506; x_wconf 86' lang='lat' dir='ltr'><strong>forensem</strong></span> <span class='ocrx_word' id='word_1_101' title='bbox 1392 1450 1511 1507; x_wconf 86' lang='lat' dir='ltr'><strong>Karolns</strong></span> <span class='ocrx_word' id='word_1_102' title='bbox 1528 1469 1647 1524; x_wconf 85' lang='lat' dir='ltr'><strong>magnus</strong></span> <span class='ocrx_word' id='word_1_103' title='bbox 1664 1470 1719 1508; x_wconf 93' lang='lat' dir='ltr'><strong>non</strong></span> <span class='ocrx_word' id='word_1_104' title='bbox 1737 1453 1846 1509; x_wconf 86' lang='lat' dir='ltr'><strong>stabili·</strong></span> 
     </span>
     <span class='ocr_line' id='line_1_11' title="bbox 473 1535 1846 1609; baseline 0.003 -18"><span class='ocrx_word' id='word_1_105' title='bbox 473 1537 546 1594; x_wconf 85' lang='lat' dir='ltr'><strong>verit</strong></span> <span class='ocrx_word' id='word_1_106' title='bbox 558 1536 678 1606; x_wconf 90' lang='lat' dir='ltr'><strong>quidem,</strong></span> <span class='ocrx_word' id='word_1_107' title='bbox 696 1537 745 1593; x_wconf 91' lang='lat' dir='ltr'><strong>sed</strong></span> <span class='ocrx_word' id='word_1_108' title='bbox 756 1535 933 1592; x_wconf 88' lang='lat' dir='ltr'><strong>confirmarit</strong></span> <span class='ocrx_word' id='word_1_109' title='bbox 964 1536 1038 1591; x_wconf 88' lang='lat' dir='ltr'><strong>Nam</strong></span> <span class='ocrx_word' id='word_1_110' title='bbox 1053 1539 1086 1590; x_wconf 90' lang='lat' dir='ltr'><strong>nt</strong></span> <span class='ocrx_word' id='word_1_111' title='bbox 1100 1536 1247 1593; x_wconf 89' lang='lat' dir='ltr'><strong>mittamus</strong></span> <span class='ocrx_word' id='word_1_112' title='bbox 1259 1536 1334 1606; x_wconf 93' lang='lat' dir='ltr'><strong>quod</strong></span> <span class='ocrx_word' id='word_1_113' title='bbox 1350 1536 1387 1591; x_wconf 91' lang='lat' dir='ltr'><strong>ad</strong></span> <span class='ocrx_word' id='word_1_114' title='bbox 1399 1537 1543 1608; x_wconf 84' lang='lat' dir='ltr'><strong>exemplar</strong></span> <span class='ocrx_word' id='word_1_115' title='bbox 1553 1539 1693 1608; x_wconf 89' lang='lat' dir='ltr'><strong>quoddam</strong></span> <span class='ocrx_word' id='word_1_116' title='bbox 1705 1539 1846 1609; x_wconf 89' lang='lat' dir='ltr'><strong>epitomae</strong></span> 
     </span>
     <span class='ocr_line' id='line_1_12' title="bbox 471 1621 1847 1698; baseline 0.002 -19"><span class='ocrx_word' id='word_1_117' title='bbox 471 1623 646 1696; x_wconf 80' lang='lat' dir='ltr'><strong>Aegidiauae</strong></span> <span class='ocrx_word' id='word_1_118' title='bbox 664 1624 754 1680; x_wconf 91' lang='lat' dir='ltr'><strong>denuo</strong></span> <span class='ocrx_word' id='word_1_119' title='bbox 767 1623 911 1680; x_wconf 82' lang='lat' dir='ltr'><strong>breviatae</strong></span> <span class='ocrx_word' id='word_1_120' title='bbox 924 1624 995 1691; x_wconf 85' lang='lat' dir='ltr'><strong>(cod.</strong></span> <span class='ocrx_word' id='word_1_121' title='bbox 1005 1623 1131 1679; x_wconf 81' lang='lat' dir='ltr'><strong>Ambros.</strong></span> <span class='ocrx_word' id='word_1_122' title='bbox 1144 1624 1211 1678; x_wconf 77' lang='lat' dir='ltr'><strong>nce</strong></span> <span class='ocrx_word' id='word_1_123' title='bbox 1223 1621 1272 1678; x_wconf 83' lang='lat' dir='ltr'><strong>inf.</strong></span> <span class='ocrx_word' id='word_1_124' title='bbox 1286 1640 1358 1680; x_wconf 87' lang='lat' dir='ltr'><strong>saec.</strong></span> <span class='ocrx_word' id='word_1_125' title='bbox 1367 1623 1403 1693; x_wconf 83' lang='lat' dir='ltr'><strong>X)</strong></span> <span class='ocrx_word' id='word_1_126' title='bbox 1416 1623 1583 1695; x_wconf 84' lang='lat' dir='ltr'><strong>inscriptum</strong></span> <span class='ocrx_word' id='word_1_127' title='bbox 1593 1625 1683 1681; x_wconf 87' lang='lat' dir='ltr'><strong>‘tituli</strong></span> <span class='ocrx_word' id='word_1_128' title='bbox 1700 1627 1794 1698; x_wconf 87' lang='lat' dir='ltr'><strong>legum</strong></span> <span class='ocrx_word' id='word_1_129' title='bbox 1812 1645 1847 1684; x_wconf 86' lang='lat' dir='ltr'><strong>ex</strong></span> 
     </span>
     <span class='ocr_line' id='line_1_13' title="bbox 468 1709 1845 1784; baseline 0.002 -17"><span class='ocrx_word' id='word_1_130' title='bbox 468 1713 595 1782; x_wconf 84' lang='lat' dir='ltr'><strong>‘corpore</strong></span> <span class='ocrx_word' id='word_1_131' title='bbox 613 1709 802 1767; x_wconf 82' lang='lat' dir='ltr'><strong>Theodosiani</strong></span> <span class='ocrx_word' id='word_1_132' title='bbox 820 1710 942 1766; x_wconf 82' lang='lat' dir='ltr'><strong>breviter</strong></span> <span class='ocrx_word' id='word_1_133' title='bbox 960 1709 1106 1765; x_wconf 89' lang='lat' dir='ltr'><strong>succincti&#39;</strong></span> <span class='ocrx_word' id='word_1_134' title='bbox 1122 1709 1152 1764; x_wconf 94' lang='lat' dir='ltr'><strong>in</strong></span> <span class='ocrx_word' id='word_1_135' title='bbox 1168 1709 1295 1781; x_wconf 88' lang='lat' dir='ltr'><strong>margine</strong></span> <span class='ocrx_word' id='word_1_136' title='bbox 1313 1709 1487 1781; x_wconf 86' lang='lat' dir='ltr'><strong>adscriptum</strong></span> <span class='ocrx_word' id='word_1_137' title='bbox 1504 1716 1559 1768; x_wconf 87' lang='lat' dir='ltr'><strong>est:</strong></span> <span class='ocrx_word' id='word_1_138' title='bbox 1575 1712 1656 1769; x_wconf 86' lang='lat' dir='ltr'><strong>‘haec</strong></span> <span class='ocrx_word' id='word_1_139' title='bbox 1681 1714 1810 1784; x_wconf 88' lang='lat' dir='ltr'><strong>capitula</strong></span> <span class='ocrx_word' id='word_1_140' title='bbox 1827 1732 1845 1770; x_wconf 88' lang='lat' dir='ltr'><strong>a</strong></span> 
     </span>
     <span class='ocr_line' id='line_1_14' title="bbox 468 1796 1846 1869; baseline 0.002 -16"><span class='ocrx_word' id='word_1_141' title='bbox 468 1798 584 1854; x_wconf 83' lang='lat' dir='ltr'><strong>‘Karolo</strong></span> <span class='ocrx_word' id='word_1_142' title='bbox 601 1796 691 1868; x_wconf 93' lang='lat' dir='ltr'><strong>primo</strong></span> <span class='ocrx_word' id='word_1_143' title='bbox 709 1800 739 1852; x_wconf 91' lang='lat' dir='ltr'><strong>et</strong></span> <span class='ocrx_word' id='word_1_144' title='bbox 758 1796 858 1867; x_wconf 89' lang='lat' dir='ltr'><strong>Pipino</strong></span> <span class='ocrx_word' id='word_1_145' title='bbox 875 1797 934 1852; x_wconf 85' lang='lat' dir='ltr'><strong>filio</strong></span> <span class='ocrx_word' id='word_1_146' title='bbox 951 1797 1010 1851; x_wconf 90' lang='lat' dir='ltr'><strong>eius</strong></span> <span class='ocrx_word' id='word_1_147' title='bbox 1028 1797 1102 1852; x_wconf 90' lang='lat' dir='ltr'><strong>inter</strong></span> <span class='ocrx_word' id='word_1_148' title='bbox 1119 1798 1197 1866; x_wconf 87' lang='lat' dir='ltr'><strong>leges</strong></span> <span class='ocrx_word' id='word_1_149' title='bbox 1213 1797 1380 1852; x_wconf 84' lang='lat' dir='ltr'><strong>Francorum</strong></span> <span class='ocrx_word' id='word_1_150' title='bbox 1400 1801 1531 1868; x_wconf 84' lang='lat' dir='ltr'><strong>receptae</strong></span> <span class='ocrx_word' id='word_1_151' title='bbox 1549 1799 1650 1869; x_wconf 88' lang='lat' dir='ltr'><strong>suut&#39;¹)</strong></span> <span class='ocrx_word' id='word_1_152' title='bbox 1668 1831 1700 1841; x_wconf 95' lang='lat'><em>-</em></span> <span class='ocrx_word' id='word_1_153' title='bbox 1718 1817 1753 1856; x_wconf 90' lang='lat' dir='ltr'><strong>ea</strong></span> <span class='ocrx_word' id='word_1_154' title='bbox 1771 1800 1846 1856; x_wconf 90' lang='lat' dir='ltr'><strong>cuim</strong></span> 
     </span>
     <span class='ocr_line' id='line_1_15' title="bbox 472 1882 1847 1957; baseline 0.004 -19"><span class='ocrx_word' id='word_1_155' title='bbox 472 1885 566 1950; x_wconf 68' lang='lat' dir='ltr'><strong>raba,</strong></span> <span class='ocrx_word' id='word_1_156' title='bbox 584 1902 649 1940; x_wconf 92' lang='lat' dir='ltr'><strong>cum</strong></span> <span class='ocrx_word' id='word_1_157' title='bbox 662 1883 692 1939; x_wconf 92' lang='lat' dir='ltr'><strong>in</strong></span> <span class='ocrx_word' id='word_1_158' title='bbox 704 1884 802 1940; x_wconf 89' lang='lat' dir='ltr'><strong>eodem</strong></span> <span class='ocrx_word' id='word_1_159' title='bbox 814 1883 954 1939; x_wconf 86' lang='lat' dir='ltr'><strong>volumine</strong></span> <span class='ocrx_word' id='word_1_160' title='bbox 966 1882 1040 1939; x_wconf 86' lang='lat' dir='ltr'><strong>inter</strong></span> <span class='ocrx_word' id='word_1_161' title='bbox 1051 1883 1110 1938; x_wconf 87' lang='lat' dir='ltr'><strong>alia</strong></span> <span class='ocrx_word' id='word_1_162' title='bbox 1124 1883 1216 1939; x_wconf 79' lang='lat' dir='ltr'><strong>multa</strong></span> <span class='ocrx_word' id='word_1_163' title='bbox 1228 1882 1315 1938; x_wconf 91' lang='lat' dir='ltr'><strong>etiam</strong></span> <span class='ocrx_word' id='word_1_164' title='bbox 1328 1887 1461 1954; x_wconf 85' lang='lat' dir='ltr'><strong>excerpta</strong></span> <span class='ocrx_word' id='word_1_165' title='bbox 1478 1884 1674 1942; x_wconf 87' lang='lat' dir='ltr'><strong>contineantur</strong></span> <span class='ocrx_word' id='word_1_166' title='bbox 1692 1905 1726 1942; x_wconf 88' lang='lat' dir='ltr'><strong>ex</strong></span> <span class='ocrx_word' id='word_1_167' title='bbox 1739 1887 1847 1957; x_wconf 81' lang='lat' dir='ltr'><strong>capItu·</strong></span> 
     </span>
     <span class='ocr_line' id='line_1_16' title="bbox 470 1969 1847 2041; baseline 0.003 -16"><span class='ocrx_word' id='word_1_168' title='bbox 470 1971 552 2026; x_wconf 89' lang='lat' dir='ltr'><strong>lariis</strong></span> <span class='ocrx_word' id='word_1_169' title='bbox 564 1969 669 2036; x_wconf 84' lang='lat' dir='ltr'><strong>Karali,</strong></span> <span class='ocrx_word' id='word_1_170' title='bbox 685 1970 723 2025; x_wconf 88' lang='lat' dir='ltr'><strong>ad</strong></span> <span class='ocrx_word' id='word_1_171' title='bbox 734 1970 844 2025; x_wconf 89' lang='lat' dir='ltr'><strong>librarii</strong></span> <span class='ocrx_word' id='word_1_172' title='bbox 855 1970 1048 2041; x_wconf 88' lang='lat' dir='ltr'><strong>opinationem</strong></span> <span class='ocrx_word' id='word_1_173' title='bbox 1058 1973 1135 2026; x_wconf 90' lang='lat' dir='ltr'><strong>recte</strong></span> <span class='ocrx_word' id='word_1_174' title='bbox 1146 1969 1295 2026; x_wconf 85' lang='lat' dir='ltr'><strong>referemus</strong></span> <span class='ocrx_word' id='word_1_175' title='bbox 1308 2001 1349 2036; x_wconf 83' lang='lat'><strong>-‚</strong></span> <span class='ocrx_word' id='word_1_176' title='bbox 1367 1970 1448 2027; x_wconf 85' lang='lat' dir='ltr'><strong>adest</strong></span> <span class='ocrx_word' id='word_1_177' title='bbox 1459 1969 1490 2026; x_wconf 92' lang='lat' dir='ltr'><strong>in</strong></span> <span class='ocrx_word' id='word_1_178' title='bbox 1501 1970 1624 2028; x_wconf 90' lang='lat' dir='ltr'><strong>editione</strong></span> <span class='ocrx_word' id='word_1_179' title='bbox 1636 1972 1847 2029; x_wconf 75' lang='lat' dir='ltr'><strong>commonitorii</strong></span> 
     </span>
     <span class='ocr_line' id='line_1_17' title="bbox 472 2055 1846 2131; baseline 0 -17"><span class='ocrx_word' id='word_1_180' title='bbox 472 2057 626 2114; x_wconf 75' lang='lat' dir='ltr'><strong>Cuiacim</strong></span> <span class='ocrx_word' id='word_1_181' title='bbox 643 2075 668 2114; x_wconf 87' lang='lat' dir='ltr'><strong>a.</strong></span> <span class='ocrx_word' id='word_1_182' title='bbox 681 2059 748 2112; x_wconf 87' lang='grc'>1566</span> <span class='ocrx_word' id='word_1_183' title='bbox 766 2057 803 2112; x_wconf 87' lang='lat' dir='ltr'><strong>ad</strong></span> <span class='ocrx_word' id='word_1_184' title='bbox 819 2058 901 2114; x_wconf 85' lang='lat' dir='ltr'><strong>finem</strong></span> <span class='ocrx_word' id='word_1_185' title='bbox 919 2056 1065 2113; x_wconf 86' lang='lat' dir='ltr'><strong>adnotatio</strong></span> <span class='ocrx_word' id='word_1_186' title='bbox 1087 2057 1170 2113; x_wconf 87' lang='lat' dir='ltr'><strong>haec:</strong></span> <span class='ocrx_word' id='word_1_187' title='bbox 1193 2058 1233 2114; x_wconf 86' lang='lat' dir='ltr'><strong>‘et</strong></span> <span class='ocrx_word' id='word_1_188' title='bbox 1254 2055 1356 2112; x_wconf 87' lang='lat' dir='ltr'><strong>iterum</strong></span> <span class='ocrx_word' id='word_1_189' title='bbox 1372 2057 1536 2129; x_wconf 82' lang='lat' dir='ltr'><strong>‘recognita&#39;</strong></span> <span class='ocrx_word' id='word_1_190' title='bbox 1552 2075 1624 2114; x_wconf 92' lang='lat' dir='ltr'><strong>anno</strong></span> <span class='ocrx_word' id='word_1_191' title='bbox 1642 2058 1693 2113; x_wconf 84' lang='lat' dir='ltr'><strong>XX</strong></span> <span class='ocrx_word' id='word_1_192' title='bbox 1711 2062 1846 2131; x_wconf 74' lang='lat' dir='ltr'><strong>regnante</strong></span> 
     </span>
     <span class='ocr_line' id='line_1_18' title="bbox 470 2143 1847 2216; baseline 0.001 -16"><span class='ocrx_word' id='word_1_193' title='bbox 470 2145 585 2200; x_wconf 81' lang='lat' dir='ltr'><strong>‘Karolo</strong></span> <span class='ocrx_word' id='word_1_194' title='bbox 602 2162 667 2216; x_wconf 90' lang='lat' dir='ltr'><strong>rege</strong></span> <span class='ocrx_word' id='word_1_195' title='bbox 684 2144 850 2199; x_wconf 73' lang='lat' dir='ltr'><strong>thurcorum</strong></span> <span class='ocrx_word' id='word_1_196' title='bbox 869 2146 899 2199; x_wconf 90' lang='lat' dir='ltr'><strong>et</strong></span> <span class='ocrx_word' id='word_1_197' title='bbox 916 2144 1162 2216; x_wconf 77' lang='lat' dir='ltr'><strong>langobardorum</strong></span> <span class='ocrx_word' id='word_1_198' title='bbox 1179 2149 1209 2200; x_wconf 89' lang='lat' dir='ltr'><strong>et</strong></span> <span class='ocrx_word' id='word_1_199' title='bbox 1226 2143 1348 2214; x_wconf 88' lang='lat' dir='ltr'><strong>patricio</strong></span> <span class='ocrx_word' id='word_1_200' title='bbox 1366 2145 1569 2200; x_wconf 82' lang='lat' dir='ltr'><strong>Romanorum’.</strong></span> <span class='ocrx_word' id='word_1_201' title='bbox 1606 2145 1682 2202; x_wconf 88' lang='lat' dir='ltr'><strong>Haec</strong></span> <span class='ocrx_word' id='word_1_202' title='bbox 1700 2145 1847 2202; x_wconf 59' lang='lat' dir='ltr'><strong>munatio</strong></span> 
     </span>
     <span class='ocr_line' id='line_1_19' title="bbox 472 2229 1847 2302; baseline 0.002 -16"><span class='ocrx_word' id='word_1_203' title='bbox 472 2248 643 2302; x_wconf 84' lang='lat' dir='ltr'><strong>quamquam</strong></span> <span class='ocrx_word' id='word_1_204' title='bbox 660 2247 714 2286; x_wconf 92' lang='lat' dir='ltr'><strong>non</strong></span> <span class='ocrx_word' id='word_1_205' title='bbox 731 2231 870 2301; x_wconf 89' lang='lat' dir='ltr'><strong>reperitur</strong></span> <span class='ocrx_word' id='word_1_206' title='bbox 886 2230 915 2285; x_wconf 91' lang='lat' dir='ltr'><strong>in</strong></span> <span class='ocrx_word' id='word_1_207' title='bbox 933 2232 992 2286; x_wconf 90' lang='lat' dir='ltr'><strong>ullo</strong></span> <span class='ocrx_word' id='word_1_208' title='bbox 1010 2231 1106 2286; x_wconf 88' lang='lat' dir='ltr'><strong>codice</strong></span> <span class='ocrx_word' id='word_1_209' title='bbox 1123 2230 1208 2285; x_wconf 91' lang='lat' dir='ltr'><strong>hodie</strong></span> <span class='ocrx_word' id='word_1_210' title='bbox 1226 2232 1300 2295; x_wconf 87' lang='lat' dir='ltr'><strong>noto,</strong></span> <span class='ocrx_word' id='word_1_211' title='bbox 1319 2229 1408 2286; x_wconf 87' lang='lat' dir='ltr'><strong>nihilo</strong></span> <span class='ocrx_word' id='word_1_212' title='bbox 1426 2231 1517 2286; x_wconf 89' lang='lat' dir='ltr'><strong>minus</strong></span> <span class='ocrx_word' id='word_1_213' title='bbox 1529 2231 1576 2286; x_wconf 82' lang='lat' dir='ltr'><strong>vir</strong></span> <span class='ocrx_word' id='word_1_214' title='bbox 1589 2231 1705 2288; x_wconf 89' lang='lat' dir='ltr'><strong>dubium</strong></span> <span class='ocrx_word' id='word_1_215' title='bbox 1723 2236 1766 2287; x_wconf 87' lang='lat' dir='ltr'><strong>est</strong></span> <span class='ocrx_word' id='word_1_216' title='bbox 1784 2250 1847 2289; x_wconf 89' lang='lat' dir='ltr'><strong>eam</strong></span> 
     </span>
     <span class='ocr_line' id='line_1_20' title="bbox 472 2317 1847 2389; baseline 0 -16"><span class='ocrx_word' id='word_1_217' title='bbox 472 2336 491 2373; x_wconf 87' lang='lat' dir='ltr'><strong>a</strong></span> <span class='ocrx_word' id='word_1_218' title='bbox 507 2317 622 2375; x_wconf 83' lang='lat' dir='ltr'><strong>Cuiacio</strong></span> <span class='ocrx_word' id='word_1_219' title='bbox 640 2321 781 2389; x_wconf 87' lang='lat' dir='ltr'><strong>sumptam</strong></span> <span class='ocrx_word' id='word_1_220' title='bbox 798 2335 857 2373; x_wconf 88' lang='lat' dir='ltr'><strong>esse</strong></span> <span class='ocrx_word' id='word_1_221' title='bbox 876 2334 909 2372; x_wconf 88' lang='lat' dir='ltr'><strong>ex</strong></span> <span class='ocrx_word' id='word_1_222' title='bbox 927 2318 1022 2386; x_wconf 92' lang='lat' dir='ltr'><strong>aliquo</strong></span> <span class='ocrx_word' id='word_1_223' title='bbox 1040 2317 1112 2373; x_wconf 92' lang='lat' dir='ltr'><strong>libro</strong></span> <span class='ocrx_word' id='word_1_224' title='bbox 1130 2317 1276 2388; x_wconf 90' lang='lat' dir='ltr'><strong>deperdito</strong></span> <span class='ocrx_word' id='word_1_225' title='bbox 1294 2317 1353 2373; x_wconf 85' lang='lat' dir='ltr'><strong>sive</strong></span> <span class='ocrx_word' id='word_1_226' title='bbox 1371 2317 1504 2374; x_wconf 81' lang='lat' dir='ltr'><strong>breviarii</strong></span> <span class='ocrx_word' id='word_1_227' title='bbox 1522 2317 1611 2389; x_wconf 89' lang='lat' dir='ltr'><strong>ipsius</strong></span> <span class='ocrx_word' id='word_1_228' title='bbox 1628 2318 1688 2375; x_wconf 88' lang='lat' dir='ltr'><strong>sire</strong></span> <span class='ocrx_word' id='word_1_229' title='bbox 1704 2317 1847 2389; x_wconf 87' lang='lat' dir='ltr'><strong>epitomas</strong></span> 
     </span>
     <span class='ocr_line' id='line_1_21' title="bbox 472 2403 1847 2478; baseline 0.001 -17"><span class='ocrx_word' id='word_1_230' title='bbox 472 2404 660 2478; x_wconf 81' lang='lat' dir='ltr'><strong>Aegidianae;</strong></span> <span class='ocrx_word' id='word_1_231' title='bbox 680 2409 710 2461; x_wconf 92' lang='lat' dir='ltr'><strong>et</strong></span> <span class='ocrx_word' id='word_1_232' title='bbox 727 2409 839 2460; x_wconf 88' lang='lat' dir='ltr'><strong>constat</strong></span> <span class='ocrx_word' id='word_1_233' title='bbox 858 2404 1002 2460; x_wconf 82' lang='lat' dir='ltr'><strong>Cuiaciunr</strong></span> <span class='ocrx_word' id='word_1_234' title='bbox 1020 2423 1100 2460; x_wconf 89' lang='lat' dir='ltr'><strong>usum</strong></span> <span class='ocrx_word' id='word_1_235' title='bbox 1117 2421 1177 2460; x_wconf 87' lang='lat' dir='ltr'><strong>ease</strong></span> <span class='ocrx_word' id='word_1_236' title='bbox 1194 2406 1307 2474; x_wconf 86' lang='lat' dir='ltr'><strong>praeter</strong></span> <span class='ocrx_word' id='word_1_237' title='bbox 1323 2403 1495 2474; x_wconf 85' lang='lat' dir='ltr'><strong>exemplaria</strong></span> <span class='ocrx_word' id='word_1_238' title='bbox 1512 2404 1596 2460; x_wconf 90' lang='lat' dir='ltr'><strong>hodie</strong></span> <span class='ocrx_word' id='word_1_239' title='bbox 1613 2410 1681 2461; x_wconf 87' lang='lat' dir='ltr'><strong>nota</strong></span> <span class='ocrx_word' id='word_1_240' title='bbox 1698 2422 1754 2461; x_wconf 91' lang='lat' dir='ltr'><strong>uno</strong></span> <span class='ocrx_word' id='word_1_241' title='bbox 1772 2408 1847 2462; x_wconf 85' lang='lat' dir='ltr'><strong>certe</strong></span> 
     </span>
     <span class='ocr_line' id='line_1_22' title="bbox 471 2490 1847 2564; baseline -0.001 -16"><span class='ocrx_word' id='word_1_242' title='bbox 471 2491 606 2548; x_wconf 86' lang='lat' dir='ltr'><strong>breviarii</strong></span> <span class='ocrx_word' id='word_1_243' title='bbox 631 2493 721 2563; x_wconf 90' lang='lat' dir='ltr'><strong>pleni,</strong></span> <span class='ocrx_word' id='word_1_244' title='bbox 747 2492 920 2564; x_wconf 70' lang='lat' dir='ltr'><strong>aegidianac</strong></span> <span class='ocrx_word' id='word_1_245' title='bbox 945 2496 1040 2548; x_wconf 90' lang='lat' dir='ltr'><strong>autem</strong></span> <span class='ocrx_word' id='word_1_246' title='bbox 1064 2491 1206 2562; x_wconf 88' lang='lat' dir='ltr'><strong>epitomae</strong></span> <span class='ocrx_word' id='word_1_247' title='bbox 1231 2491 1290 2547; x_wconf 88' lang='lat' dir='ltr'><strong>siue</strong></span> <span class='ocrx_word' id='word_1_248' title='bbox 1315 2490 1400 2547; x_wconf 90' lang='lat' dir='ltr'><strong>dubio</strong></span> <span class='ocrx_word' id='word_1_249' title='bbox 1424 2490 1552 2561; x_wconf 89' lang='lat' dir='ltr'><strong>pluribus</strong></span> <span class='ocrx_word' id='word_1_250' title='bbox 1575 2491 1659 2547; x_wconf 91' lang='lat' dir='ltr'><strong>hodie</strong></span> <span class='ocrx_word' id='word_1_251' title='bbox 1685 2491 1847 2563; x_wconf 88' lang='lat' dir='ltr'><strong>deperditis.</strong></span> 
     </span>
     <span class='ocr_line' id='line_1_23' title="bbox 472 2577 1848 2651; baseline 0.001 -18"><span class='ocrx_word' id='word_1_252' title='bbox 472 2579 592 2634; x_wconf 81' lang='lat' dir='ltr'><strong>Accedit</strong></span> <span class='ocrx_word' id='word_1_253' title='bbox 608 2580 683 2649; x_wconf 91' lang='lat' dir='ltr'><strong>quod</strong></span> <span class='ocrx_word' id='word_1_254' title='bbox 700 2597 773 2634; x_wconf 91' lang='lat' dir='ltr'><strong>auno</strong></span> <span class='ocrx_word' id='word_1_255' title='bbox 791 2597 875 2648; x_wconf 92' lang='lat' dir='ltr'><strong>quem</strong></span> <span class='ocrx_word' id='word_1_256' title='bbox 895 2579 1066 2650; x_wconf 86' lang='lat' dir='ltr'><strong>subscriptio</strong></span> <span class='ocrx_word' id='word_1_257' title='bbox 1087 2578 1230 2651; x_wconf 87' lang='lat' dir='ltr'><strong>siguificat</strong></span> <span class='ocrx_word' id='word_1_258' title='bbox 1248 2577 1298 2633; x_wconf 82' lang='grc'><strong>788</strong></span> <span class='ocrx_word' id='word_1_259' title='bbox 1319 2577 1398 2634; x_wconf 90' lang='lat' dir='ltr'><strong>tituli</strong></span> <span class='ocrx_word' id='word_1_260' title='bbox 1417 2579 1529 2650; x_wconf 87' lang='lat' dir='ltr'><strong>egregie</strong></span> <span class='ocrx_word' id='word_1_261' title='bbox 1546 2579 1743 2650; x_wconf 87' lang='lat' dir='ltr'><strong>respondent¹)</strong></span> <span class='ocrx_word' id='word_1_262' title='bbox 1758 2596 1848 2648; x_wconf 90' lang='lat' dir='ltr'><strong>neque</strong></span> 
     </span>
     <span class='ocr_line' id='line_1_24' title="bbox 477 2663 1848 2736; baseline 0 -16"><span class='ocrx_word' id='word_1_263' title='bbox 477 2665 627 2735; x_wconf 87' lang='lat' dir='ltr'><strong>quicquam</strong></span> <span class='ocrx_word' id='word_1_264' title='bbox 645 2665 757 2722; x_wconf 87' lang='lat' dir='ltr'><strong>ridetur</strong></span> <span class='ocrx_word' id='word_1_265' title='bbox 773 2667 893 2731; x_wconf 83' lang='lat' dir='ltr'><strong>obstare,</strong></span> <span class='ocrx_word' id='word_1_266' title='bbox 912 2667 1060 2736; x_wconf 90' lang='lat' dir='ltr'><strong>quominus</strong></span> <span class='ocrx_word' id='word_1_267' title='bbox 1076 2666 1148 2722; x_wconf 86' lang='lat' dir='ltr'><strong>haec</strong></span> <span class='ocrx_word' id='word_1_268' title='bbox 1165 2669 1299 2735; x_wconf 87' lang='lat' dir='ltr'><strong>excerpta</strong></span> <span class='ocrx_word' id='word_1_269' title='bbox 1317 2666 1465 2722; x_wconf 89' lang='lat' dir='ltr'><strong>credantur</strong></span> <span class='ocrx_word' id='word_1_270' title='bbox 1482 2682 1516 2720; x_wconf 86' lang='lat' dir='ltr'><strong>ex</strong></span> <span class='ocrx_word' id='word_1_271' title='bbox 1534 2665 1703 2736; x_wconf 86' lang='lat' dir='ltr'><strong>capitulario</strong></span> <span class='ocrx_word' id='word_1_272' title='bbox 1721 2663 1781 2721; x_wconf 93' lang='lat' dir='ltr'><strong>eius</strong></span> <span class='ocrx_word' id='word_1_273' title='bbox 1798 2665 1848 2721; x_wconf 89' lang='lat' dir='ltr'><strong>ali·</strong></span> 
     </span>
     <span class='ocr_line' id='line_1_25' title="bbox 473 2751 1847 2824; baseline -0.001 -17"><span class='ocrx_word' id='word_1_274' title='bbox 473 2769 529 2821; x_wconf 91' lang='lat' dir='ltr'><strong>qno</strong></span> <span class='ocrx_word' id='word_1_275' title='bbox 552 2751 707 2823; x_wconf 85' lang='lat' dir='ltr'><strong>deperdito.</strong></span> <span class='ocrx_word' id='word_1_276' title='bbox 744 2753 862 2808; x_wconf 85' lang='lat' dir='ltr'><strong>Karolus</strong></span> <span class='ocrx_word' id='word_1_277' title='bbox 880 2770 943 2808; x_wconf 91' lang='lat' dir='ltr'><strong>cum</strong></span> <span class='ocrx_word' id='word_1_278' title='bbox 966 2753 1044 2809; x_wconf 90' lang='lat' dir='ltr'><strong>dicat</strong></span> <span class='ocrx_word' id='word_1_279' title='bbox 1061 2753 1091 2807; x_wconf 91' lang='lat' dir='ltr'><strong>in</strong></span> <span class='ocrx_word' id='word_1_280' title='bbox 1109 2752 1221 2808; x_wconf 83' lang='lat' dir='ltr'><strong>exordio</strong></span> <span class='ocrx_word' id='word_1_281' title='bbox 1239 2751 1402 2823; x_wconf 89' lang='lat' dir='ltr'><strong>capitularii</strong></span> <span class='ocrx_word' id='word_1_282' title='bbox 1419 2751 1625 2824; x_wconf 84' lang='lat' dir='ltr'><strong>Aquigranenis</strong></span> <span class='ocrx_word' id='word_1_283' title='bbox 1642 2769 1667 2807; x_wconf 81' lang='lat' dir='ltr'><strong>a</strong></span> <span class='ocrx_word' id='word_1_284' title='bbox 1679 2752 1775 2822; x_wconf 75' lang='grc'>809119</span> <span class='ocrx_word' id='word_1_285' title='bbox 1794 2752 1847 2819; x_wconf 86' lang='lat' dir='ltr'><strong>(ed.</strong></span> 
     </span>
     <span class='ocr_line' id='line_1_26' title="bbox 472 2837 1848 2911; baseline 0.001 -18"><span class='ocrx_word' id='word_1_286' title='bbox 472 2839 602 2895; x_wconf 88' lang='lat' dir='ltr'><strong>Boratiua</strong></span> <span class='ocrx_word' id='word_1_287' title='bbox 620 2839 698 2895; x_wconf 85' lang='lat' dir='ltr'><strong>vol.l</strong></span> <span class='ocrx_word' id='word_1_288' title='bbox 713 2858 740 2909; x_wconf 92' lang='lat' dir='ltr'><strong>p.</strong></span> <span class='ocrx_word' id='word_1_289' title='bbox 752 2840 811 2905; x_wconf 76' lang='lat'>170)</span> <span class='ocrx_word' id='word_1_290' title='bbox 830 2840 957 2910; x_wconf 84' lang='lat' dir='ltr'><strong>capitula</strong></span> <span class='ocrx_word' id='word_1_291' title='bbox 975 2857 1009 2897; x_wconf 90' lang='lat' dir='ltr'><strong>ea</strong></span> <span class='ocrx_word' id='word_1_292' title='bbox 1027 2839 1205 2896; x_wconf 90' lang='lat' dir='ltr'><strong>constituisse</strong></span> <span class='ocrx_word' id='word_1_293' title='bbox 1224 2857 1253 2895; x_wconf 90' lang='lat' dir='ltr'><strong>se</strong></span> <span class='ocrx_word' id='word_1_294' title='bbox 1271 2856 1305 2894; x_wconf 86' lang='lat' dir='ltr'><strong>ex</strong></span> <span class='ocrx_word' id='word_1_295' title='bbox 1323 2840 1386 2911; x_wconf 91' lang='lat' dir='ltr'><strong>lege</strong></span> <span class='ocrx_word' id='word_1_296' title='bbox 1404 2837 1506 2904; x_wconf 79' lang='lat' dir='ltr'><strong>Salina,</strong></span> <span class='ocrx_word' id='word_1_297' title='bbox 1524 2838 1650 2895; x_wconf 85' lang='lat' dir='ltr'><strong>Romana</strong></span> <span class='ocrx_word' id='word_1_298' title='bbox 1668 2841 1754 2908; x_wconf 88' lang='lat' dir='ltr'><strong>atque</strong></span> <span class='ocrx_word' id='word_1_299' title='bbox 1768 2838 1848 2894; x_wconf 83' lang='lat' dir='ltr'><strong>Gom·</strong></span> 
     </span>
     <span class='ocr_line' id='line_1_27' title="bbox 473 2924 1849 2997; baseline 0.001 -16"><span class='ocrx_word' id='word_1_300' title='bbox 473 2927 553 2991; x_wconf 65' lang='lat' dir='ltr'><strong>bata</strong></span> <span class='ocrx_word' id='word_1_301' title='bbox 576 2925 763 2996; x_wconf 86' lang='lat' dir='ltr'><strong>probabiliter</strong></span> <span class='ocrx_word' id='word_1_302' title='bbox 784 2929 817 2981; x_wconf 92' lang='lat' dir='ltr'><strong>ut</strong></span> <span class='ocrx_word' id='word_1_303' title='bbox 839 2925 869 2980; x_wconf 90' lang='lat' dir='ltr'><strong>in</strong></span> <span class='ocrx_word' id='word_1_304' title='bbox 887 2926 980 2981; x_wconf 87' lang='lat' dir='ltr'><strong>Salica</strong></span> <span class='ocrx_word' id='word_1_305' title='bbox 998 2930 1083 2997; x_wconf 88' lang='lat' dir='ltr'><strong>atque</strong></span> <span class='ocrx_word' id='word_1_306' title='bbox 1102 2925 1281 2996; x_wconf 76' lang='lat' dir='ltr'><strong>Burgundios</strong></span> <span class='ocrx_word' id='word_1_307' title='bbox 1304 2925 1346 2981; x_wconf 86' lang='lat' dir='ltr'><strong>ita</strong></span> <span class='ocrx_word' id='word_1_308' title='bbox 1364 2925 1451 2982; x_wconf 89' lang='lat' dir='ltr'><strong>etiam</strong></span> <span class='ocrx_word' id='word_1_309' title='bbox 1469 2925 1499 2980; x_wconf 89' lang='lat' dir='ltr'><strong>in</strong></span> <span class='ocrx_word' id='word_1_310' title='bbox 1516 2925 1641 2982; x_wconf 87' lang='lat' dir='ltr'><strong>Romana</strong></span> <span class='ocrx_word' id='word_1_311' title='bbox 1659 2924 1798 2997; x_wconf 86' lang='lat' dir='ltr'><strong>cogitarit</strong></span> <span class='ocrx_word' id='word_1_312' title='bbox 1814 2926 1849 2982; x_wconf 90' lang='lat' dir='ltr'><strong>de</strong></span> 
     </span>
     <span class='ocr_line' id='line_1_28' title="bbox 474 3011 1849 3085; baseline 0 -16"><span class='ocrx_word' id='word_1_313' title='bbox 474 3015 553 3069; x_wconf 86' lang='lat' dir='ltr'><strong>certa</strong></span> <span class='ocrx_word' id='word_1_314' title='bbox 569 3012 633 3085; x_wconf 89' lang='lat' dir='ltr'><strong>lege</strong></span> <span class='ocrx_word' id='word_1_315' title='bbox 650 3012 768 3084; x_wconf 87' lang='lat' dir='ltr'><strong>scripta,</strong></span> <span class='ocrx_word' id='word_1_316' title='bbox 791 3030 864 3084; x_wconf 89' lang='lat' dir='ltr'><strong>quae</strong></span> <span class='ocrx_word' id='word_1_317' title='bbox 883 3012 929 3067; x_wconf 84' lang='lat' dir='ltr'><strong>vix</strong></span> <span class='ocrx_word' id='word_1_318' title='bbox 947 3011 1005 3068; x_wconf 90' lang='lat' dir='ltr'><strong>alia</strong></span> <span class='ocrx_word' id='word_1_319' title='bbox 1023 3029 1082 3069; x_wconf 91' lang='lat' dir='ltr'><strong>csse</strong></span> <span class='ocrx_word' id='word_1_320' title='bbox 1099 3012 1196 3083; x_wconf 90' lang='lat' dir='ltr'><strong>potuit</strong></span> <span class='ocrx_word' id='word_1_321' title='bbox 1212 3015 1298 3083; x_wconf 90' lang='lat' dir='ltr'><strong>atque</strong></span> <span class='ocrx_word' id='word_1_322' title='bbox 1316 3011 1490 3079; x_wconf 81' lang='lat' dir='ltr'><strong>Alariciana,</strong></span> <span class='ocrx_word' id='word_1_323' title='bbox 1513 3015 1544 3068; x_wconf 89' lang='lat' dir='ltr'><strong>et</strong></span> <span class='ocrx_word' id='word_1_324' title='bbox 1564 3015 1597 3068; x_wconf 91' lang='lat' dir='ltr'><strong>ut</strong></span> <span class='ocrx_word' id='word_1_325' title='bbox 1618 3014 1717 3070; x_wconf 88' lang='lat' dir='ltr'><strong>extant</strong></span> <span class='ocrx_word' id='word_1_326' title='bbox 1740 3011 1849 3069; x_wconf 86' lang='lat' dir='ltr'><strong>addita·</strong></span> 
     </span>
     <span class='ocr_line' id='line_1_29' title="bbox 471 3098 1849 3172; baseline 0 -18"><span class='ocrx_word' id='word_1_327' title='bbox 471 3103 569 3155; x_wconf 87' lang='lat' dir='ltr'><strong>menta</strong></span> <span class='ocrx_word' id='word_1_328' title='bbox 586 3099 676 3170; x_wconf 88' lang='lat' dir='ltr'><strong>ipsius</strong></span> <span class='ocrx_word' id='word_1_329' title='bbox 696 3100 733 3154; x_wconf 88' lang='lat' dir='ltr'><strong>ad</strong></span> <span class='ocrx_word' id='word_1_330' title='bbox 749 3100 841 3172; x_wconf 90' lang='lat' dir='ltr'><strong>legem</strong></span> <span class='ocrx_word' id='word_1_331' title='bbox 858 3099 1055 3155; x_wconf 88' lang='lat' dir='ltr'><strong>Ribuariorum</strong></span> <span class='ocrx_word' id='word_1_332' title='bbox 1072 3100 1253 3169; x_wconf 79' lang='lat' dir='ltr'><strong>(1.e.p.117)</strong></span> <span class='ocrx_word' id='word_1_333' title='bbox 1270 3103 1300 3155; x_wconf 89' lang='lat' dir='ltr'><strong>et</strong></span> <span class='ocrx_word' id='word_1_334' title='bbox 1317 3098 1531 3155; x_wconf 87' lang='lat' dir='ltr'><strong>Baiuvariorom</strong></span> <span class='ocrx_word' id='word_1_335' title='bbox 1547 3100 1575 3168; x_wconf 77' lang='lat' dir='ltr'><strong>(l.</strong></span> <span class='ocrx_word' id='word_1_336' title='bbox 1589 3118 1611 3155; x_wconf 90' lang='lat' dir='ltr'><strong>c.</strong></span> <span class='ocrx_word' id='word_1_337' title='bbox 1625 3117 1652 3170; x_wconf 94' lang='lat' dir='ltr'><strong>p.</strong></span> <span class='ocrx_word' id='word_1_338' title='bbox 1664 3100 1736 3170; x_wconf 82' lang='grc'>157),</span> <span class='ocrx_word' id='word_1_339' title='bbox 1759 3103 1789 3155; x_wconf 89' lang='lat' dir='ltr'><strong>et</strong></span> <span class='ocrx_word' id='word_1_340' title='bbox 1805 3116 1849 3154; x_wconf 88' lang='lat' dir='ltr'><strong>rea</strong></span> 
     </span>
     <span class='ocr_line' id='line_1_30' title="bbox 473 3183 1849 3258; baseline 0 -18"><span class='ocrx_word' id='word_1_341' title='bbox 473 3184 590 3241; x_wconf 82' lang='lat' dir='ltr'><strong>Italicas</strong></span> <span class='ocrx_word' id='word_1_342' title='bbox 607 3184 739 3241; x_wconf 82' lang='lat' dir='ltr'><strong>ordinans</strong></span> <span class='ocrx_word' id='word_1_343' title='bbox 757 3185 799 3242; x_wconf 87' lang='lat' dir='ltr'><strong>ait</strong></span> <span class='ocrx_word' id='word_1_344' title='bbox 817 3202 916 3241; x_wconf 84' lang='lat' dir='ltr'><strong>causas</strong></span> <span class='ocrx_word' id='word_1_345' title='bbox 933 3185 1080 3255; x_wconf 86' lang='lat' dir='ltr'><strong>plerasque</strong></span> <span class='ocrx_word' id='word_1_346' title='bbox 1097 3185 1142 3240; x_wconf 85' lang='lat' dir='ltr'><strong>‘ex</strong></span> <span class='ocrx_word' id='word_1_347' title='bbox 1154 3183 1278 3240; x_wconf 89' lang='lat' dir='ltr'><strong>Romana</strong></span> <span class='ocrx_word' id='word_1_348' title='bbox 1295 3202 1343 3240; x_wconf 92' lang='lat' dir='ltr'><strong>seu</strong></span> <span class='ocrx_word' id='word_1_349' title='bbox 1356 3185 1601 3257; x_wconf 84' lang='lat' dir='ltr'><strong>Langobardorum</strong></span> <span class='ocrx_word' id='word_1_350' title='bbox 1615 3185 1688 3258; x_wconf 85' lang='lat' dir='ltr'><strong>Iega&#39;</strong></span> <span class='ocrx_word' id='word_1_351' title='bbox 1699 3184 1849 3241; x_wconf 88' lang='lat' dir='ltr'><strong>diiudicari</strong></span> 
     </span>
     <span class='ocr_line' id='line_1_31' title="bbox 472 3270 1850 3344; baseline -0.001 -16"><span class='ocrx_word' id='word_1_352' title='bbox 472 3272 612 3344; x_wconf 87' lang='lat' dir='ltr'><strong>potuisse,</strong></span> <span class='ocrx_word' id='word_1_353' title='bbox 636 3273 774 3343; x_wconf 86' lang='lat' dir='ltr'><strong>quaedam</strong></span> <span class='ocrx_word' id='word_1_354' title='bbox 796 3276 890 3330; x_wconf 73' lang='lat' dir='ltr'><strong>tarum</strong></span> <span class='ocrx_word' id='word_1_355' title='bbox 907 3272 1064 3343; x_wconf 86' lang='lat' dir='ltr'><strong>repperisse</strong></span> <span class='ocrx_word' id='word_1_356' title='bbox 1084 3290 1113 3329; x_wconf 90' lang='lat' dir='ltr'><strong>se</strong></span> <span class='ocrx_word' id='word_1_357' title='bbox 1131 3272 1167 3327; x_wconf 93' lang='lat' dir='ltr'><strong>iis</strong></span> <span class='ocrx_word' id='word_1_358' title='bbox 1185 3272 1313 3328; x_wconf 89' lang='lat' dir='ltr'><strong>addenda</strong></span> <span class='ocrx_word' id='word_1_359' title='bbox 1330 3273 1358 3341; x_wconf 77' lang='lat' dir='ltr'><strong>(l.</strong></span> <span class='ocrx_word' id='word_1_360' title='bbox 1372 3290 1395 3327; x_wconf 94' lang='lat' dir='ltr'><strong>c.</strong></span> <span class='ocrx_word' id='word_1_361' title='bbox 1409 3290 1435 3343; x_wconf 94' lang='lat' dir='ltr'><strong>p.</strong></span> <span class='ocrx_word' id='word_1_362' title='bbox 1448 3273 1521 3340; x_wconf 80' lang='lat'>204),</span> <span class='ocrx_word' id='word_1_363' title='bbox 1544 3271 1639 3342; x_wconf 88' lang='lat' dir='ltr'><strong>potuit</strong></span> <span class='ocrx_word' id='word_1_364' title='bbox 1661 3270 1792 3327; x_wconf 89' lang='lat' dir='ltr'><strong>similiter</strong></span> <span class='ocrx_word' id='word_1_365' title='bbox 1813 3272 1850 3326; x_wconf 89' lang='lat' dir='ltr'><strong>ad</strong></span> 
     </span>
     <span class='ocr_line' id='line_1_32' title="bbox 474 3357 1849 3430; baseline -0.002 -14"><span class='ocrx_word' id='word_1_366' title='bbox 474 3359 633 3430; x_wconf 87' lang='lat' dir='ltr'><strong>exemplum</strong></span> <span class='ocrx_word' id='word_1_367' title='bbox 653 3357 759 3413; x_wconf 83' lang='lat' dir='ltr'><strong>Alarici</strong></span> <span class='ocrx_word' id='word_1_368' title='bbox 782 3359 875 3430; x_wconf 89' lang='lat' dir='ltr'><strong>legem</strong></span> <span class='ocrx_word' id='word_1_369' title='bbox 897 3359 1050 3414; x_wconf 81' lang='lat' dir='ltr'><strong>Romanam</strong></span> <span class='ocrx_word' id='word_1_370' title='bbox 1075 3359 1104 3414; x_wconf 91' lang='lat' dir='ltr'><strong>in</strong></span> <span class='ocrx_word' id='word_1_371' title='bbox 1126 3358 1222 3415; x_wconf 82' lang='lat' dir='ltr'><strong>Gallia</strong></span> <span class='ocrx_word' id='word_1_372' title='bbox 1242 3362 1385 3430; x_wconf 87' lang='lat' dir='ltr'><strong>receptam</strong></span> <span class='ocrx_word' id='word_1_373' title='bbox 1408 3359 1511 3416; x_wconf 88' lang='lat' dir='ltr'><strong>emissa</strong></span> <span class='ocrx_word' id='word_1_374' title='bbox 1532 3358 1731 3415; x_wconf 88' lang='lat' dir='ltr'><strong>constitutione</strong></span> <span class='ocrx_word' id='word_1_375' title='bbox 1754 3358 1849 3414; x_wconf 86' lang='lat' dir='ltr'><strong>conflr-</strong></span> 
     </span>
     <span class='ocr_line' id='line_1_33' title="bbox 473 3444 1849 3516; baseline -0.002 -14"><span class='ocrx_word' id='word_1_376' title='bbox 473 3463 559 3502; x_wconf 88' lang='lat' dir='ltr'><strong>mare.</strong></span> <span class='ocrx_word' id='word_1_377' title='bbox 593 3445 683 3501; x_wconf 77' lang='lat' dir='ltr'><strong>Favet</strong></span> <span class='ocrx_word' id='word_1_378' title='bbox 704 3446 731 3501; x_wconf 93' lang='lat' dir='ltr'><strong>ei</strong></span> <span class='ocrx_word' id='word_1_379' title='bbox 748 3445 926 3502; x_wconf 87' lang='lat' dir='ltr'><strong>coniecturae</strong></span> <span class='ocrx_word' id='word_1_380' title='bbox 947 3446 1073 3501; x_wconf 89' lang='lat' dir='ltr'><strong>codicum</strong></span> <span class='ocrx_word' id='word_1_381' title='bbox 1096 3445 1229 3502; x_wconf 88' lang='lat' dir='ltr'><strong>breviarii</strong></span> <span class='ocrx_word' id='word_1_382' title='bbox 1251 3446 1335 3516; x_wconf 89' lang='lat' dir='ltr'><strong>copia</strong></span> <span class='ocrx_word' id='word_1_383' title='bbox 1356 3446 1393 3501; x_wconf 90' lang='lat' dir='ltr'><strong>ab</strong></span> <span class='ocrx_word' id='word_1_384' title='bbox 1412 3450 1507 3502; x_wconf 86' lang='lat' dir='ltr'><strong>aetate</strong></span> <span class='ocrx_word' id='word_1_385' title='bbox 1525 3444 1707 3516; x_wconf 85' lang='lat' dir='ltr'><strong>Karolingica</strong></span> <span class='ocrx_word' id='word_1_386' title='bbox 1724 3462 1849 3502; x_wconf 88' lang='lat' dir='ltr'><strong>crescens</strong></span> 
     </span>
     <span class='ocr_line' id='line_1_34' title="bbox 474 3531 1851 3605; baseline -0.001 -15"><span class='ocrx_word' id='word_1_387' title='bbox 474 3539 512 3601; x_wconf 74' lang='lat' dir='ltr'><strong>et,</strong></span> <span class='ocrx_word' id='word_1_388' title='bbox 530 3534 709 3590; x_wconf 78' lang='lat' dir='ltr'><strong>strationem</strong></span> <span class='ocrx_word' id='word_1_389' title='bbox 727 3533 861 3589; x_wconf 90' lang='lat' dir='ltr'><strong>habemus</strong></span> <span class='ocrx_word' id='word_1_390' title='bbox 879 3532 1086 3587; x_wconf 84' lang='lat' dir='ltr'><strong>decurtatornm</strong></span> <span class='ocrx_word' id='word_1_391' title='bbox 1104 3536 1134 3588; x_wconf 89' lang='lat' dir='ltr'><strong>et</strong></span> <span class='ocrx_word' id='word_1_392' title='bbox 1152 3532 1377 3602; x_wconf 88' lang='lat' dir='ltr'><strong>epitomatorum,</strong></span> <span class='ocrx_word' id='word_1_393' title='bbox 1396 3551 1460 3589; x_wconf 85' lang='lat' dir='ltr'><strong>vere</strong></span> <span class='ocrx_word' id='word_1_394' title='bbox 1478 3533 1583 3605; x_wconf 86' lang='lat' dir='ltr'><strong>ingens.</strong></span> <span class='ocrx_word' id='word_1_395' title='bbox 1617 3533 1717 3601; x_wconf 89' lang='lat' dir='ltr'><strong>Itaque</strong></span> <span class='ocrx_word' id='word_1_396' title='bbox 1736 3531 1851 3588; x_wconf 89' lang='lat' dir='ltr'><strong>adnota-</strong></span> 
     </span>
     <span class='ocr_line' id='line_1_35' title="bbox 475 3619 1220 3690; baseline -0.005 -13"><span class='ocrx_word' id='word_1_397' title='bbox 475 3621 547 3677; x_wconf 91' lang='lat' dir='ltr'><strong>tioni</strong></span> <span class='ocrx_word' id='word_1_398' title='bbox 565 3620 592 3676; x_wconf 92' lang='lat' dir='ltr'><strong>ei</strong></span> <span class='ocrx_word' id='word_1_399' title='bbox 610 3621 691 3676; x_wconf 85' lang='lat' dir='ltr'><strong>fidem</strong></span> <span class='ocrx_word' id='word_1_400' title='bbox 710 3638 760 3675; x_wconf 91' lang='lat' dir='ltr'><strong>cur</strong></span> <span class='ocrx_word' id='word_1_401' title='bbox 777 3620 952 3690; x_wconf 87' lang='lat' dir='ltr'><strong>denegemus,</strong></span> <span class='ocrx_word' id='word_1_402' title='bbox 971 3636 1055 3674; x_wconf 88' lang='lat' dir='ltr'><strong>causa</strong></span> <span class='ocrx_word' id='word_1_403' title='bbox 1072 3619 1153 3675; x_wconf 90' lang='lat' dir='ltr'><strong>nulla</strong></span> <span class='ocrx_word' id='word_1_404' title='bbox 1170 3624 1220 3676; x_wconf 89' lang='lat' dir='ltr'><strong>est.</strong></span> 
     </span>
    </p>
   </div>
   <div class='ocr_carea' id='block_1_4' title="bbox 404 3738 1852 4160">
    <p class='ocr_par' dir='ltr' id='par_1_4' title="bbox 404 3738 1852 4160">
     <span class='ocr_line' id='line_1_36' title="bbox 491 3738 1851 3813; baseline -0.001 -15"><span class='ocrx_word' id='word_1_405' title='bbox 491 3743 533 3800; x_wconf 89' lang='lat' dir='ltr'><strong>Dc</strong></span> <span class='ocrx_word' id='word_1_406' title='bbox 545 3739 777 3813; x_wconf 89' lang='lat' dir='ltr'><strong>interpretatione</strong></span> <span class='ocrx_word' id='word_1_407' title='bbox 791 3739 857 3805; x_wconf 87' lang='lat' dir='ltr'><strong>sive,</strong></span> <span class='ocrx_word' id='word_1_408' title='bbox 876 3745 909 3797; x_wconf 92' lang='lat' dir='ltr'><strong>ut</strong></span> <span class='ocrx_word' id='word_1_409' title='bbox 925 3740 1088 3811; x_wconf 89' lang='lat' dir='ltr'><strong>appellatur</strong></span> <span class='ocrx_word' id='word_1_410' title='bbox 1099 3739 1129 3794; x_wconf 91' lang='lat' dir='ltr'><strong>in</strong></span> <span class='ocrx_word' id='word_1_411' title='bbox 1142 3739 1213 3795; x_wconf 91' lang='lat' dir='ltr'><strong>libro</strong></span> <span class='ocrx_word' id='word_1_412' title='bbox 1228 3739 1257 3805; x_wconf 90' lang='lat'><strong>0,</strong></span> <span class='ocrx_word' id='word_1_413' title='bbox 1276 3738 1482 3811; x_wconf 84' lang='lat' dir='ltr'><strong>explanatione,</strong></span> <span class='ocrx_word' id='word_1_414' title='bbox 1501 3758 1586 3810; x_wconf 91' lang='lat' dir='ltr'><strong>quam</strong></span> <span class='ocrx_word' id='word_1_415' title='bbox 1603 3739 1722 3811; x_wconf 89' lang='lat' dir='ltr'><strong>singulis</strong></span> <span class='ocrx_word' id='word_1_416' title='bbox 1740 3738 1851 3812; x_wconf 88' lang='lat' dir='ltr'><strong>legibus</strong></span> 
     </span>
     <span class='ocr_line' id='line_1_37' title="bbox 404 3826 1850 3904; baseline -0.003 -17"><span class='ocrx_word' id='word_1_417' title='bbox 404 3832 559 3904; x_wconf 88' lang='lat' dir='ltr'><strong>prudentes</strong></span> <span class='ocrx_word' id='word_1_418' title='bbox 577 3828 665 3886; x_wconf 80' lang='lat' dir='ltr'><strong>Gothi</strong></span> <span class='ocrx_word' id='word_1_419' title='bbox 682 3827 862 3893; x_wconf 86' lang='lat' dir='ltr'><strong>addiderunt,</strong></span> <span class='ocrx_word' id='word_1_420' title='bbox 886 3827 1018 3882; x_wconf 87' lang='lat' dir='ltr'><strong>hocloco</strong></span> <span class='ocrx_word' id='word_1_421' title='bbox 1039 3844 1093 3882; x_wconf 90' lang='lat' dir='ltr'><strong>non</strong></span> <span class='ocrx_word' id='word_1_422' title='bbox 1112 3830 1224 3899; x_wconf 89' lang='lat' dir='ltr'><strong>agetur;</strong></span> <span class='ocrx_word' id='word_1_423' title='bbox 1247 3845 1313 3882; x_wconf 87' lang='lat' dir='ltr'><strong>nam</strong></span> <span class='ocrx_word' id='word_1_424' title='bbox 1334 3845 1389 3883; x_wconf 92' lang='lat' dir='ltr'><strong>non</strong></span> <span class='ocrx_word' id='word_1_425' title='bbox 1410 3830 1454 3883; x_wconf 90' lang='lat' dir='ltr'><strong>est</strong></span> <span class='ocrx_word' id='word_1_426' title='bbox 1476 3826 1580 3885; x_wconf 85' lang='lat' dir='ltr'><strong>aetatis</strong></span> <span class='ocrx_word' id='word_1_427' title='bbox 1597 3826 1740 3883; x_wconf 88' lang='lat' dir='ltr'><strong>Romanae</strong></span> <span class='ocrx_word' id='word_1_428' title='bbox 1759 3831 1788 3882; x_wconf 89' lang='lat' dir='ltr'><strong>et</strong></span> <span class='ocrx_word' id='word_1_429' title='bbox 1806 3845 1850 3883; x_wconf 85' lang='lat' dir='ltr'><strong>ex·</strong></span> 
     </span>
     <span class='ocr_line' id='line_1_38' title="bbox 404 3910 1851 3989; baseline -0.003 -17"><span class='ocrx_word' id='word_1_430' title='bbox 404 3915 555 3989; x_wconf 87' lang='lat' dir='ltr'><strong>pendenda</strong></span> <span class='ocrx_word' id='word_1_431' title='bbox 571 3915 615 3981; x_wconf 87' lang='lat' dir='ltr'><strong>iia,</strong></span> <span class='ocrx_word' id='word_1_432' title='bbox 632 3914 682 3987; x_wconf 91' lang='lat' dir='ltr'><strong>qni</strong></span> <span class='ocrx_word' id='word_1_433' title='bbox 698 3932 789 3971; x_wconf 87' lang='lat' dir='ltr'><strong>rerum</strong></span> <span class='ocrx_word' id='word_1_434' title='bbox 806 3912 892 3969; x_wconf 89' lang='lat' dir='ltr'><strong>medii</strong></span> <span class='ocrx_word' id='word_1_435' title='bbox 909 3912 973 3969; x_wconf 85' lang='lat' dir='ltr'><strong>aevi</strong></span> <span class='ocrx_word' id='word_1_436' title='bbox 992 3929 1087 3967; x_wconf 87' lang='lat' dir='ltr'><strong>curam</strong></span> <span class='ocrx_word' id='word_1_437' title='bbox 1104 3915 1201 3984; x_wconf 83' lang='lat' dir='ltr'><strong>agunt.</strong></span> <span class='ocrx_word' id='word_1_438' title='bbox 1233 3910 1293 3984; x_wconf 78' lang='lat' dir='ltr'><strong>Ego</strong></span> <span class='ocrx_word' id='word_1_439' title='bbox 1311 3912 1381 3969; x_wconf 86' lang='lat' dir='ltr'><strong>satia</strong></span> <span class='ocrx_word' id='word_1_440' title='bbox 1398 3913 1486 3969; x_wconf 84' lang='lat' dir='ltr'><strong>habui</strong></span> <span class='ocrx_word' id='word_1_441' title='bbox 1509 3916 1618 3970; x_wconf 86' lang='lat' dir='ltr'><strong>textum</strong></span> <span class='ocrx_word' id='word_1_442' title='bbox 1640 3931 1782 3970; x_wconf 87' lang='lat' dir='ltr'><strong>recensere</strong></span> <span class='ocrx_word' id='word_1_443' title='bbox 1805 3914 1851 3968; x_wconf 88' lang='lat' dir='ltr'><strong>ad·</strong></span> 
     </span>
     <span class='ocr_line' id='line_1_39' title="bbox 404 3998 1850 4074; baseline -0.002 -15"><span class='ocrx_word' id='word_1_444' title='bbox 404 4003 467 4061; x_wconf 86' lang='lat' dir='ltr'><strong>dito</strong></span> <span class='ocrx_word' id='word_1_445' title='bbox 485 4007 627 4074; x_wconf 82' lang='lat' dir='ltr'><strong>apparatu</strong></span> <span class='ocrx_word' id='word_1_446' title='bbox 644 4001 737 4072; x_wconf 90' lang='lat' dir='ltr'><strong>quoad</strong></span> <span class='ocrx_word' id='word_1_447' title='bbox 754 3999 862 4057; x_wconf 89' lang='lat' dir='ltr'><strong>codices</strong></span> <span class='ocrx_word' id='word_1_448' title='bbox 879 4001 978 4071; x_wconf 91' lang='lat' dir='ltr'><strong>plenos</strong></span> <span class='ocrx_word' id='word_1_449' title='bbox 995 4000 1091 4071; x_wconf 90' lang='lat' dir='ltr'><strong>pleno;</strong></span> <span class='ocrx_word' id='word_1_450' title='bbox 1111 4001 1271 4056; x_wconf 86' lang='lat' dir='ltr'><strong>decurtatos</strong></span> <span class='ocrx_word' id='word_1_451' title='bbox 1289 4000 1364 4055; x_wconf 89' lang='lat' dir='ltr'><strong>enim</strong></span> <span class='ocrx_word' id='word_1_452' title='bbox 1380 4000 1482 4071; x_wconf 88' lang='lat' dir='ltr'><strong>sprevi.</strong></span> <span class='ocrx_word' id='word_1_453' title='bbox 1512 4000 1590 4056; x_wconf 82' lang='lat' dir='ltr'><strong>Libri</strong></span> <span class='ocrx_word' id='word_1_454' title='bbox 1607 3999 1695 4056; x_wconf 85' lang='lat' dir='ltr'><strong>nostri</strong></span> <span class='ocrx_word' id='word_1_455' title='bbox 1712 3998 1850 4056; x_wconf 85' lang='lat' dir='ltr'><strong>Breviarii</strong></span> 
     </span>
     <span class='ocr_line' id='line_1_40' title="bbox 404 4084 1852 4160; baseline -0.005 -13"><span class='ocrx_word' id='word_1_456' title='bbox 404 4089 597 4160; x_wconf 86' lang='lat' dir='ltr'><strong>antiquissimi</strong></span> <span class='ocrx_word' id='word_1_457' title='bbox 614 4106 677 4144; x_wconf 91' lang='lat' dir='ltr'><strong>curn</strong></span> <span class='ocrx_word' id='word_1_458' title='bbox 694 4092 789 4144; x_wconf 86' lang='lat' dir='ltr'><strong>aetate</strong></span> <span class='ocrx_word' id='word_1_459' title='bbox 807 4087 843 4142; x_wconf 85' lang='lat' dir='ltr'><strong>ed</strong></span> <span class='ocrx_word' id='word_1_460' title='bbox 861 4087 953 4157; x_wconf 90' lang='lat' dir='ltr'><strong>ipsam</strong></span> <span class='ocrx_word' id='word_1_461' title='bbox 970 4103 1057 4157; x_wconf 91' lang='lat' dir='ltr'><strong>prope</strong></span> <span class='ocrx_word' id='word_1_462' title='bbox 1075 4087 1219 4152; x_wconf 87' lang='lat' dir='ltr'><strong>accedant,</strong></span> <span class='ocrx_word' id='word_1_463' title='bbox 1238 4085 1420 4143; x_wconf 87' lang='lat' dir='ltr'><strong>nihilominus</strong></span> <span class='ocrx_word' id='word_1_464' title='bbox 1438 4104 1528 4156; x_wconf 88' lang='lat' dir='ltr'><strong>neque</strong></span> <span class='ocrx_word' id='word_1_465' title='bbox 1544 4085 1739 4142; x_wconf 88' lang='lat' dir='ltr'><strong>additamenta</strong></span> <span class='ocrx_word' id='word_1_466' title='bbox 1751 4084 1852 4142; x_wconf 89' lang='lat' dir='ltr'><strong>desunt</strong></span> 
     </span>
    </p>
   </div>
   <div class='ocr_carea' id='block_1_5' title="bbox 400 4256 1852 4506">
    <p class='ocr_par' dir='ltr' id='par_1_5' title="bbox 400 4256 1852 4506">
     <span class='ocr_line' id='line_1_41' title="bbox 404 4256 1852 4330; baseline -0.003 -12"><span class='ocrx_word' id='word_1_467' title='bbox 404 4263 602 4327; x_wconf 68' lang='lat' dir='ltr'><strong>Novellarum</strong></span> <span class='ocrx_word' id='word_1_468' title='bbox 621 4265 650 4318; x_wconf 89' lang='lat' dir='ltr'><strong>et</strong></span> <span class='ocrx_word' id='word_1_469' title='bbox 668 4260 859 4324; x_wconf 85' lang='lat' dir='ltr'><strong>inveniuntur,</strong></span> <span class='ocrx_word' id='word_1_470' title='bbox 877 4276 1047 4329; x_wconf 89' lang='lat' dir='ltr'><strong>quamquam</strong></span> <span class='ocrx_word' id='word_1_471' title='bbox 1064 4276 1139 4325; x_wconf 89' lang='lat' dir='ltr'><strong>raro,</strong></span> <span class='ocrx_word' id='word_1_472' title='bbox 1158 4259 1333 4330; x_wconf 88' lang='lat' dir='ltr'><strong>corruptelae</strong></span> <span class='ocrx_word' id='word_1_473' title='bbox 1351 4276 1461 4328; x_wconf 92' lang='lat' dir='ltr'><strong>quoque</strong></span> <span class='ocrx_word' id='word_1_474' title='bbox 1479 4257 1609 4314; x_wconf 87' lang='lat' dir='ltr'><strong>similiter</strong></span> <span class='ocrx_word' id='word_1_475' title='bbox 1627 4258 1754 4314; x_wconf 89' lang='lat' dir='ltr'><strong>omnibus</strong></span> <span class='ocrx_word' id='word_1_476' title='bbox 1772 4256 1852 4313; x_wconf 90' lang='lat' dir='ltr'><strong>libris</strong></span> 
     </span>
     <span class='ocr_line' id='line_1_42' title="bbox 406 4344 1851 4416; baseline -0.005 -11"><span class='ocrx_word' id='word_1_477' title='bbox 406 4367 575 4415; x_wconf 85' lang='lat' dir='ltr'><strong>communes,</strong></span> <span class='ocrx_word' id='word_1_478' title='bbox 593 4352 626 4404; x_wconf 89' lang='lat' dir='ltr'><strong>ut</strong></span> <span class='ocrx_word' id='word_1_479' title='bbox 641 4348 667 4415; x_wconf 82' lang='lat'><strong>3,</strong></span> <span class='ocrx_word' id='word_1_480' title='bbox 680 4348 719 4411; x_wconf 81' lang='lat'><strong>12,</strong></span> <span class='ocrx_word' id='word_1_481' title='bbox 728 4347 753 4413; x_wconf 83' lang='lat'><strong>3,</strong></span> <span class='ocrx_word' id='word_1_482' title='bbox 764 4349 795 4400; x_wconf 77' lang='lat'><strong>*7</strong></span> <span class='ocrx_word' id='word_1_483' title='bbox 812 4349 875 4401; x_wconf 81' lang='lat' dir='ltr'><strong>certi</strong></span> <span class='ocrx_word' id='word_1_484' title='bbox 894 4347 938 4402; x_wconf 87' lang='lat' dir='ltr'><strong>rel</strong></span> <span class='ocrx_word' id='word_1_485' title='bbox 956 4352 1021 4400; x_wconf 75' lang='lat' dir='ltr'><strong>cate</strong></span> <span class='ocrx_word' id='word_1_486' title='bbox 1039 4364 1090 4416; x_wconf 91' lang='lat' dir='ltr'><strong>pro</strong></span> <span class='ocrx_word' id='word_1_487' title='bbox 1108 4346 1171 4400; x_wconf 73' lang='lat' dir='ltr'><strong>testi</strong></span> <span class='ocrx_word' id='word_1_488' title='bbox 1183 4376 1216 4385; x_wconf 96' lang='lat'>—</span> <span class='ocrx_word' id='word_1_489' title='bbox 1229 4348 1253 4411; x_wconf 86' lang='lat'><strong>5,</strong></span> <span class='ocrx_word' id='word_1_490' title='bbox 1262 4346 1287 4410; x_wconf 87' lang='lat'><strong>9,</strong></span> <span class='ocrx_word' id='word_1_491' title='bbox 1297 4346 1322 4411; x_wconf 83' lang='lat'><strong>2,</strong></span> <span class='ocrx_word' id='word_1_492' title='bbox 1334 4346 1366 4402; x_wconf 88' lang='grc'><strong>10</strong></span> <span class='ocrx_word' id='word_1_493' title='bbox 1382 4362 1457 4413; x_wconf 63' lang='lat' dir='ltr'><strong>peon</strong></span> <span class='ocrx_word' id='word_1_494' title='bbox 1474 4363 1525 4415; x_wconf 90' lang='lat' dir='ltr'><strong>pro</strong></span> <span class='ocrx_word' id='word_1_495' title='bbox 1542 4345 1670 4413; x_wconf 62' lang='lat' dir='ltr'><strong>mam</strong></span> <span class='ocrx_word' id='word_1_496' title='bbox 1689 4344 1851 4409; x_wconf 71' lang='lat'><strong>-12‚1‚4‘1</strong></span> 
     </span>
     <span class='ocr_line' id='line_1_43' title="bbox 400 4430 1476 4506; baseline -0.006 -15"><span class='ocrx_word' id='word_1_497' title='bbox 400 4442 513 4506; x_wconf 78' lang='lat' dir='ltr'><strong>practer</strong></span> <span class='ocrx_word' id='word_1_498' title='bbox 536 4453 587 4506; x_wconf 93' lang='lat' dir='ltr'><strong>pro</strong></span> <span class='ocrx_word' id='word_1_499' title='bbox 606 4440 743 4505; x_wconf 56' lang='lat' dir='ltr'><strong>madeas</strong></span> <span class='ocrx_word' id='word_1_500' title='bbox 760 4465 793 4473; x_wconf 98' lang='lat'>-</span> <span class='ocrx_word' id='word_1_501' title='bbox 811 4433 916 4489; x_wconf 86' lang='lat' dir='ltr'><strong>Theod.</strong></span> <span class='ocrx_word' id='word_1_502' title='bbox 929 4451 990 4488; x_wconf 86' lang='lat' dir='ltr'><strong>nor.</strong></span> <span class='ocrx_word' id='word_1_503' title='bbox 1003 4433 1073 4499; x_wconf 63' lang='grc'><strong>292</strong></span> <span class='ocrx_word' id='word_1_504' title='bbox 1086 4432 1226 4501; x_wconf 81' lang='lat' dir='ltr'><strong>pracsidio</strong></span> <span class='ocrx_word' id='word_1_505' title='bbox 1243 4448 1294 4502; x_wconf 90' lang='lat' dir='ltr'><strong>pro</strong></span> <span class='ocrx_word' id='word_1_506' title='bbox 1312 4431 1346 4485; x_wconf 84' lang='lat' dir='ltr'><strong>de</strong></span> <span class='ocrx_word' id='word_1_507' title='bbox 1362 4430 1476 4486; x_wconf 79' lang='lat' dir='ltr'><strong>residuo.</strong></span> 
     </span>
    </p>
   </div>
   <div class='ocr_carea' id='block_1_6' title="bbox 406 4604 1851 4813">
    <p class='ocr_par' dir='ltr' id='par_1_6' title="bbox 406 4604 1851 4813">
     <span class='ocr_line' id='line_1_44' title="bbox 499 4604 1851 4681; baseline -0.007 -15"><span class='ocrx_word' id='word_1_508' title='bbox 499 4615 520 4675; x_wconf 81' lang='lat'><strong>¹)</strong></span> <span class='ocrx_word' id='word_1_509' title='bbox 539 4617 655 4681; x_wconf 81' lang='lat' dir='ltr'><strong>Egcrunt</strong></span> <span class='ocrx_word' id='word_1_510' title='bbox 672 4615 703 4664; x_wconf 87' lang='lat' dir='ltr'><strong>da</strong></span> <span class='ocrx_word' id='word_1_511' title='bbox 720 4613 820 4679; x_wconf 84' lang='lat' dir='ltr'><strong>sylloge</strong></span> <span class='ocrx_word' id='word_1_512' title='bbox 831 4614 880 4664; x_wconf 86' lang='lat' dir='ltr'><strong>hac</strong></span> <span class='ocrx_word' id='word_1_513' title='bbox 891 4615 953 4664; x_wconf 82' lang='lat' dir='ltr'><strong>Max</strong></span> <span class='ocrx_word' id='word_1_514' title='bbox 965 4613 1068 4671; x_wconf 78' lang='lat' dir='ltr'><strong>Conrat,</strong></span> <span class='ocrx_word' id='word_1_515' title='bbox 1083 4609 1229 4661; x_wconf 76' lang='lat' dir='ltr'><strong>Guchickte</strong></span> <span class='ocrx_word' id='word_1_516' title='bbox 1241 4608 1287 4660; x_wconf 83' lang='lat' dir='ltr'><strong>der</strong></span> <span class='ocrx_word' id='word_1_517' title='bbox 1302 4607 1408 4671; x_wconf 64' lang='grc' dir='ltr'><strong>Οιιοὶὶοοι</strong></span> <span class='ocrx_word' id='word_1_518' title='bbox 1420 4607 1475 4658; x_wconf 80' lang='lat' dir='ltr'><strong>aad</strong></span> <span class='ocrx_word' id='word_1_519' title='bbox 1487 4606 1618 4658; x_wconf 74' lang='lat' dir='ltr'><strong>Laeraar</strong></span> <span class='ocrx_word' id='word_1_520' title='bbox 1630 4606 1675 4657; x_wconf 80' lang='lat' dir='ltr'><strong>des</strong></span> <span class='ocrx_word' id='word_1_521' title='bbox 1686 4611 1749 4657; x_wconf 69' lang='lat' dir='ltr'><strong>rom.</strong></span> <span class='ocrx_word' id='word_1_522' title='bbox 1760 4604 1851 4657; x_wconf 74' lang='lat' dir='ltr'><strong>Rechts</strong></span> 
     </span>
     <span class='ocr_line' id='line_1_45' title="bbox 406 4671 1850 4751; baseline -0.006 -16"><span class='ocrx_word' id='word_1_523' title='bbox 406 4685 444 4735; x_wconf 72' lang='lat' dir='ltr'><strong>in</strong></span> <span class='ocrx_word' id='word_1_524' title='bbox 461 4684 585 4751; x_wconf 72' lang='lat' dir='ltr'><strong>frates-en</strong></span> <span class='ocrx_word' id='word_1_525' title='bbox 599 4683 749 4734; x_wconf 78' lang='lat' dir='ltr'><strong>Mittelatter</strong></span> <span class='ocrx_word' id='word_1_526' title='bbox 764 4681 776 4732; x_wconf 98' lang='grc'>1</span> <span class='ocrx_word' id='word_1_527' title='bbox 790 4680 879 4746; x_wconf 81' lang='grc'>(1891)</span> <span class='ocrx_word' id='word_1_528' title='bbox 895 4700 919 4749; x_wconf 91' lang='lat' dir='ltr'><strong>p.</strong></span> <span class='ocrx_word' id='word_1_529' title='bbox 929 4681 970 4733; x_wconf 77' lang='lat'><strong>⁴4.</strong></span> <span class='ocrx_word' id='word_1_530' title='bbox 983 4679 1034 4732; x_wconf 76' lang='lat'><strong>226</strong></span> <span class='ocrx_word' id='word_1_531' title='bbox 1051 4690 1077 4731; x_wconf 85' lang='lat' dir='ltr'><strong>et</strong></span> <span class='ocrx_word' id='word_1_532' title='bbox 1090 4682 1118 4731; x_wconf 75' lang='grc' dir='ltr'><strong>Ρ.</strong></span> <span class='ocrx_word' id='word_1_533' title='bbox 1128 4681 1230 4731; x_wconf 84' lang='lat' dir='ltr'><strong>Patetta</strong></span> <span class='ocrx_word' id='word_1_534' title='bbox 1247 4678 1361 4729; x_wconf 80' lang='lat' dir='ltr'><strong>archivio</strong></span> <span class='ocrx_word' id='word_1_535' title='bbox 1374 4676 1501 4743; x_wconf 75' lang='lat' dir='ltr'><strong>piuridico</strong></span> <span class='ocrx_word' id='word_1_536' title='bbox 1515 4676 1564 4728; x_wconf 87' lang='lat' dir='ltr'><strong>rol.</strong></span> <span class='ocrx_word' id='word_1_537' title='bbox 1574 4673 1607 4727; x_wconf 75' lang='grc'>41</span> <span class='ocrx_word' id='word_1_538' title='bbox 1620 4674 1710 4741; x_wconf 86' lang='grc'>(1891)</span> <span class='ocrx_word' id='word_1_539' title='bbox 1723 4671 1850 4743; x_wconf 82' lang='lat' dir='ltr'><strong>p13seq.</strong></span> 
     </span>
     <span class='ocr_line' id='line_1_46' title="bbox 408 4744 1566 4813; baseline -0.008 -6"><span class='ocrx_word' id='word_1_540' title='bbox 408 4764 436 4808; x_wconf 81' lang='lat' dir='ltr'><strong>at</strong></span> <span class='ocrx_word' id='word_1_541' title='bbox 451 4756 481 4805; x_wconf 82' lang='grc' dir='ltr'><strong>Ρ.</strong></span> <span class='ocrx_word' id='word_1_542' title='bbox 493 4754 619 4806; x_wconf 76' lang='lat' dir='ltr'><strong>Fournier</strong></span> <span class='ocrx_word' id='word_1_543' title='bbox 636 4754 747 4804; x_wconf 64' lang='lat' dir='ltr'><strong>canabe</strong></span> <span class='ocrx_word' id='word_1_544' title='bbox 764 4752 796 4803; x_wconf 82' lang='lat' dir='ltr'><strong>de</strong></span> <span class='ocrx_word' id='word_1_545' title='bbox 814 4750 978 4803; x_wconf 67' lang='lat' dir='ltr'><strong>l’Uniuereitt</strong></span> <span class='ocrx_word' id='word_1_546' title='bbox 993 4750 1026 4801; x_wconf 83' lang='lat' dir='ltr'><strong>de</strong></span> <span class='ocrx_word' id='word_1_547' title='bbox 1045 4749 1173 4801; x_wconf 76' lang='lat' dir='ltr'><strong>Grenodle</strong></span> <span class='ocrx_word' id='word_1_548' title='bbox 1191 4749 1241 4801; x_wconf 86' lang='lat' dir='ltr'><strong>vol.</strong></span> <span class='ocrx_word' id='word_1_549' title='bbox 1256 4746 1287 4799; x_wconf 89' lang='lat'><strong>11</strong></span> <span class='ocrx_word' id='word_1_550' title='bbox 1307 4744 1397 4813; x_wconf 85' lang='grc'>(1899)</span> <span class='ocrx_word' id='word_1_551' title='bbox 1417 4763 1440 4813; x_wconf 89' lang='lat' dir='ltr'><strong>p.</strong></span> <span class='ocrx_word' id='word_1_552' title='bbox 1454 4744 1566 4811; x_wconf 80' lang='lat' dir='ltr'><strong>393saq</strong></span> 
     </span>
    </p>
   </div>
   <div class='ocr_carea' id='block_1_7' title="bbox 408 4834 1852 4980">
    <p class='ocr_par' dir='ltr' id='par_1_7' title="bbox 408 4834 1852 4980">
     <span class='ocr_line' id='line_1_47' title="bbox 502 4834 1852 4906; baseline -0.007 -15"><span class='ocrx_word' id='word_1_553' title='bbox 502 4842 525 4899; x_wconf 69' lang='grc' dir='ltr'><strong>ι)</strong></span> <span class='ocrx_word' id='word_1_554' title='bbox 543 4840 654 4891; x_wconf 80' lang='lat' dir='ltr'><strong>Karalus</strong></span> <span class='ocrx_word' id='word_1_555' title='bbox 666 4855 776 4906; x_wconf 79' lang='lat' dir='ltr'><strong>magnus</strong></span> <span class='ocrx_word' id='word_1_556' title='bbox 793 4838 827 4890; x_wconf 79' lang='lat' dir='ltr'><strong>ab</strong></span> <span class='ocrx_word' id='word_1_557' title='bbox 845 4854 869 4890; x_wconf 80' lang='lat' dir='ltr'><strong>a.</strong></span> <span class='ocrx_word' id='word_1_558' title='bbox 880 4835 930 4888; x_wconf 75' lang='lat'><strong>⁷74</strong></span> <span class='ocrx_word' id='word_1_559' title='bbox 947 4838 980 4888; x_wconf 84' lang='lat' dir='ltr'><strong>ad</strong></span> <span class='ocrx_word' id='word_1_560' title='bbox 997 4854 1020 4888; x_wconf 82' lang='lat' dir='ltr'><strong>a</strong></span> <span class='ocrx_word' id='word_1_561' title='bbox 1033 4834 1085 4887; x_wconf 85' lang='grc'><strong>890</strong></span> <span class='ocrx_word' id='word_1_562' title='bbox 1096 4837 1159 4903; x_wconf 87' lang='lat' dir='ltr'><strong>ipsis</strong></span> <span class='ocrx_word' id='word_1_563' title='bbox 1176 4835 1258 4887; x_wconf 87' lang='lat' dir='ltr'><strong>titulis</strong></span> <span class='ocrx_word' id='word_1_564' title='bbox 1276 4850 1355 4900; x_wconf 82' lang='lat' dir='ltr'><strong>snpra</strong></span> <span class='ocrx_word' id='word_1_565' title='bbox 1372 4834 1460 4884; x_wconf 88' lang='lat' dir='ltr'><strong>relatis</strong></span> <span class='ocrx_word' id='word_1_566' title='bbox 1477 4849 1541 4884; x_wconf 87' lang='lat' dir='ltr'><strong>usus</strong></span> <span class='ocrx_word' id='word_1_567' title='bbox 1558 4841 1597 4884; x_wconf 83' lang='lat' dir='ltr'><strong>est</strong></span> <span class='ocrx_word' id='word_1_568' title='bbox 1615 4849 1696 4884; x_wconf 84' lang='lat' dir='ltr'><strong>annos</strong></span> <span class='ocrx_word' id='word_1_569' title='bbox 1713 4846 1852 4883; x_wconf 82' lang='lat' dir='ltr'><strong>numerans</strong></span> 
     </span>
     <span class='ocr_line' id='line_1_48' title="bbox 408 4902 1446 4980; baseline -0.011 -17"><span class='ocrx_word' id='word_1_570' title='bbox 408 4912 485 4980; x_wconf 81' lang='lat' dir='ltr'><strong>adia</strong></span> <span class='ocrx_word' id='word_1_571' title='bbox 502 4908 520 4961; x_wconf 89' lang='grc'>9</span> <span class='ocrx_word' id='word_1_572' title='bbox 536 4906 654 4961; x_wconf 75' lang='lat' dir='ltr'><strong>Oct&#39;168</strong></span> <span class='ocrx_word' id='word_1_573' title='bbox 671 4909 808 4973; x_wconf 87' lang='lat' dir='ltr'><strong>(Boahmer</strong></span> <span class='ocrx_word' id='word_1_574' title='bbox 825 4917 926 4974; x_wconf 78' lang='lat' dir='ltr'><strong>regesta</strong></span> <span class='ocrx_word' id='word_1_575' title='bbox 944 4907 1042 4973; x_wconf 84' lang='lat' dir='ltr'><strong>imperii</strong></span> <span class='ocrx_word' id='word_1_576' title='bbox 1060 4905 1111 4956; x_wconf 84' lang='lat' dir='ltr'><strong>rol.</strong></span> <span class='ocrx_word' id='word_1_577' title='bbox 1125 4905 1139 4956; x_wconf 91' lang='lat'>1</span> <span class='ocrx_word' id='word_1_578' title='bbox 1158 4921 1182 4957; x_wconf 80' lang='lat' dir='ltr'><strong>a</strong></span> <span class='ocrx_word' id='word_1_579' title='bbox 1198 4902 1264 4955; x_wconf 87' lang='grc'>1889</span> <span class='ocrx_word' id='word_1_580' title='bbox 1281 4921 1305 4970; x_wconf 90' lang='lat' dir='ltr'><strong>p.</strong></span> <span class='ocrx_word' id='word_1_581' title='bbox 1318 4903 1446 4967; x_wconf 81' lang='lat' dir='ltr'><strong>LXXIV).</strong></span> 
     </span>
    </p>
   </div>
   <div class='ocr_carea' id='block_1_8' title="bbox 0 0 2273 6116">
    <p class='ocr_par' dir='ltr' id='par_1_8' title="bbox 0 0 2273 6116">
     <span class='ocr_line' id='line_1_49' title="bbox 0 0 2273 6116; baseline 0 0"><span class='ocrx_word' id='word_1_582' title='bbox 0 0 2273 6116; x_wconf 95' lang='lat' dir='ltr'><strong> </strong></span> 
     </span>
    </p>
   </div>
  </div>
 </body>
</html>
