4517 6125
925 1548 1075 1614 oAPvu
1097 1549 1293 1615 saxum.

488 1710 767 1792 BREVIARII
798 1711 1054 1800 EXEMPLA
1085 1712 1353 1796 BREVIATA
1384 1714 1451 1794 ΕΤ
1482 1713 1729 1797 INCERTA.

471 1908 673 1967 lleoensuimus
696 1909 789 1964 adhue
811 1907 949 1964 breviarii
974 1908 1084 1965 codices
1108 1927 1167 1974 eos,
1192 1910 1240 1979 qui
1263 1915 1402 1981 quatenus
1426 1911 1594 1982 perveniunt
1619 1912 1834 1970 constitutiones

383 1997 512 2068 integras
530 1995 672 2053 exhibent.
702 1995 822 2051 Restant
837 1995 888 2050 alii
906 2012 1020 2051 numero
1038 1996 1121 2067 longe
1140 1996 1243 2066 plures,
1261 1996 1311 2066 qui
1328 2000 1380 2052 aut
1397 1998 1467 2069 ipsis
1484 1998 1596 2071 legibus
1613 1998 1721 2055 omissis
1738 2017 1834 2056 earum

384 2080 649 2153 interpretationem
669 2080 862 2136 Alarioianam
884 2081 973 2136 solam
996 2080 1118 2137 retinent
1141 2081 1204 2149 (hos
1226 2083 1388 2138 decurtatos
1409 2084 1537 2155 appello)
1555 2083 1787 2155 inscriptionibus
1804 2088 1834 2141 et

384 2168 641 2240 subscriptionibus
652 2169 734 2224 modo
750 2167 874 2232 retentis,
893 2168 975 2223 modo
992 2171 1022 2226 et
1039 2167 1109 2238 ipsis
1126 2168 1243 2234 omissis,
1261 2171 1313 2225 aut
1330 2169 1444 2241 singula
1457 2169 1598 2225 Breviorii
1610 2170 1709 2242 capita
1724 2169 1834 2226 omissis

386 2254 617 2326 inscriptionibus
639 2259 668 2312 et
692 2254 945 2325 subscriptionibus
970 2255 1006 2310 ad
1031 2255 1294 2326 interpretationem
1319 2256 1410 2326 magis
1433 2274 1519 2327 quam
1543 2258 1580 2312 ad
1603 2256 1680 2328 ipsas
1703 2259 1781 2329 leges
1804 2257 1834 2313 in

386 2341 582 2412 compendium
600 2341 732 2414 redigunt
750 2341 792 2409 (hi
809 2341 880 2396 mihi
898 2341 1029 2398 dicuntur
1047 2341 1217 2412 epitomati).
1254 2342 1400 2399 Accedunt
1418 2343 1455 2399 ad
1477 2344 1546 2400 duos
1564 2344 1615 2399 bos
1632 2344 1743 2401 ordines
1760 2362 1833 2415 quse

386 2427 505 2484 dicenda
527 2430 594 2483 sunt
616 2428 651 2484 de
673 2427 827 2483 minoribus
850 2428 1015 2498 fragmentis
1037 2432 1067 2484 et
1090 2429 1124 2483 de
1147 2428 1230 2483 libris
1255 2429 1369 2486 incertis
1392 2433 1422 2485 et
1444 2429 1607 2501 deperditis.
1642 2430 1719 2485 Haec
1740 2429 1834 2487 omnia

386 2530 557 2584 quamquam
575 2515 611 2569 od
625 2513 799 2570 Breviorium
817 2513 957 2586 integrum
976 2515 1066 2586 magis
1085 2515 1228 2586 pertinent
1245 2533 1328 2584 quam
1347 2514 1384 2570 ad
1402 2518 1512 2586 partem
1530 2516 1589 2573 eius
1602 2517 1833 2583 Theodosianam,

386 2598 568 2656 nihilominus
585 2599 615 2655 in
633 2600 823 2656 Theodosiani
840 2618 951 2671 quoque
970 2600 1093 2656 editione
1112 2601 1197 2672 plena
1216 2601 1311 2657 omitti
1329 2620 1384 2657 non
1405 2602 1569 2671 debuerunt,
1590 2622 1653 2659 cum
1671 2601 1779 2658 faomnt
1795 2603 1834 2658 ad

387 2684 448 2742 eius
469 2704 521 2757 per
538 2687 652 2742 saecrda
670 2686 826 2757 posteriora
845 2687 919 2742 vices
942 2706 1076 2757 usumque
1099 2688 1235 2743 forensem
1259 2687 1508 2745 determinandum.
1544 2689 1598 2744 Sed
1619 2707 1654 2746 ex
1678 2688 1833 2745 decurtatis

388 2791 436 2828 cur
453 2773 508 2837 ita,
526 2778 560 2829 nt
576 2773 646 2830 lecit
664 2773 828 2838 llaenelius,
846 2774 884 2829 ad
901 2773 1013 2844 singula
1032 2772 1129 2844 capita
1148 2775 1305 2840 adnotetur,
1324 2774 1387 2844 quis
1405 2775 1492 2831 codex
1510 2774 1579 2845 quid
1596 2773 1728 2842 omiserit,
1747 2793 1834 2831 causa

387 2859 467 2915 nulla
484 2864 536 2916 est
572 2859 721 2931 llpitomae
746 2863 853 2924 autem,
877 2877 948 2929 quas
966 2859 1052 2916 editio
1071 2859 1259 2916 Theodosiani
1277 2860 1382 2933 integri
1404 2864 1480 2917 reete
1498 2865 1708 2931 repraesentare
1726 2859 1833 2930 nequit,

388 2945 509 3015 siquam
520 2945 676 3004 utilitatem
689 2946 792 3002 habere
805 2948 946 3016 poterunt,
965 2945 992 3002 ei
1004 2944 1142 3001 desiderio
1160 2946 1299 3002 satisfecit
1311 2946 1464 3003 Haenelius
1475 2945 1617 3002 breviario
1634 2945 1710 3003 edito
1723 2947 1833 3019 integro

387 3050 450 3087 cum
471 3030 605 3103 epitomis
622 3031 752 3088 omnibus
769 3030 895 3090 adiectis.
931 3030 1038 3096 Quibus
1056 3031 1239 3088 consideratis
1261 3031 1290 3088 in
1314 3032 1368 3088 boo
1386 3031 1481 3104 capite
1500 3031 1637 3089 brevitati
1655 3032 1833 3104 potissimum

387 3118 481 3174 studia
505 3119 651 3176 remittens
673 3118 708 3174 de
730 3118 873 3189 plerisque
893 3117 974 3173 libris
996 3118 1032 3174 ad
1051 3118 1233 3174 Haeneliana.
1270 3118 1386 3174 Scilicet
1408 3119 1494 3175 verba
1518 3119 1751 3176 constitutionum
1769 3138 1833 3175 eom

387 3204 482 3261 absint
504 3208 564 3260 tam
586 3205 777 3262 adecurtatis
798 3223 884 3273 quam
907 3206 943 3260 ab
965 3204 1143 3276 epitomatis,
1167 3204 1367 3276 interpretatio
1390 3210 1486 3261 autem
1497 3205 1678 3277 Visigothioa
1700 3205 1729 3260 in
1753 3205 1834 3260 libris

387 3290 478 3361 plenis
496 3290 663 3347 exhibeatur
679 3295 756 3347 reete
774 3291 881 3347 tradita
899 3295 929 3346 et
945 3308 1008 3346 raro
1021 3290 1193 3347 dubitationi
1206 3290 1335 3355 obnoxia,
1353 3292 1452 3347 horum
1470 3291 1606 3346 librorum
1619 3291 1731 3347 utilitas
1744 3292 1832 3347 Theo-

388 3377 534 3434 dosianum
547 3378 702 3433 recensenti
719 3378 857 3449 redigitur
869 3379 925 3434 lere
938 3378 974 3433 ad
986 3377 1182 3448 inscriptiones
1199 3382 1229 3434 et
1244 3376 1470 3448 subscriptiones,
1489 3381 1519 3432 et
1531 3395 1595 3433 vere
1613 3380 1656 3433 est
1674 3396 1743 3432 unus
1759 3377 1834 3433 inter

388 3464 551 3520 decurtatos
569 3463 755 3520 Berolinensis
773 3464 972 3534 Savignianus,
996 3483 1063 3534 quo,
1086 3464 1161 3519 sicut
1178 3482 1242 3520 mox
1260 3464 1380 3530 dicetur,
1404 3464 1447 3519 usi
1465 3482 1559 3519 sumus
1581 3482 1635 3519 non
1660 3462 1719 3519 sine
1737 3463 1833 3533 aliquo

387 3552 488 3606 fructu.
515 3550 569 3606 Sed
587 3550 617 3605 iu
633 3569 666 3607 eo
684 3551 740 3606 fere
757 3550 881 3607 substiti.
908 3550 1056 3607 Deourtati
1069 3570 1132 3605 cum
1146 3551 1315 3606 descendant
1329 3567 1507 3621 nequaquam
1523 3567 1557 3605 ex
1569 3549 1723 3620 exemplari
1736 3550 1832 3606 eodem

387 3654 489 3700 omnes,
508 3636 593 3691 immo
611 3638 647 3692 ad
666 3638 823 3707 archetypa
840 3638 957 3693 redeant
971 3637 1089 3701 diversa,
1108 3637 1162 3692 hoo
1176 3636 1287 3691 videtur
1298 3640 1373 3692 recte
1392 3635 1490 3707 colligi
1508 3653 1589 3705 posse
1606 3654 1640 3691 ex
1653 3635 1833 3692 collectaneis

389 3723 570 3779 llaenelianis
590 3723 776 3795 diligentibus
799 3723 890 3795 magis
912 3741 995 3793 quam
1018 3722 1169 3778 fructuosis
1192 3722 1334 3778 intereos
1359 3725 1471 3793 praeter
1493 3740 1557 3777 eum
1579 3739 1664 3792 quem
1687 3721 1834 3794 designavi

388 3809 507 3864 alterum
519 3809 628 3864 nullum
641 3808 767 3874 inveniri,
786 3809 836 3878 qui
854 3809 883 3863 in
899 3808 1153 3880 subscriptionibus
1166 3807 1249 3864 utilia
1266 3808 1372 3863 habeat
1389 3808 1418 3862 in
1434 3807 1527 3879 plenis
1543 3826 1598 3863 non
1610 3807 1725 3864 inventa
1743 3825 1833 3878 neque

389 3894 489 3959 ullum,
512 3894 561 3965 qui
583 3895 690 3952 habeat
707 3894 903 3951 additamenta
921 3894 1037 3966 propria
1059 3912 1113 3950 nou
1137 3894 1206 3949 item
1228 3897 1341 3965 reperta
1362 3893 1392 3948 in
1414 3894 1560 3964 plenorum
1583 3894 1687 3963 aliquo.
1723 3894 1757 3949 In
1773 3893 1833 3949 uui·

390 3997 497 4036 versum
514 3980 661 4037 breviandi
680 3981 907 4038 cousuetudinem
925 3980 1072 4052 probabile
1091 3984 1135 4037 est
1152 3980 1298 4050 aliquanto
1310 3980 1421 4036 demum
1437 3984 1502 4051 post
1518 3980 1626 4035 lactum
1639 3978 1834 4051 compendium

389 4065 580 4122 Alaricianum
597 4066 757 4132 invaluisse,
776 4067 806 4121 id
819 4068 893 4137 quod
910 4068 1089 4122 confirmatur
1105 4067 1142 4121 iis
1154 4085 1226 4137 quae
1241 4084 1305 4122 mox
1317 4067 1588 4123 demonstrabuntur.
1618 4065 1708 4129 Quam
1726 4066 1833 4122 obrem

390 4171 451 4209 cum
472 4152 587 4209 bilibri
608 4154 724 4226 propria
746 4156 776 4211 et
799 4153 884 4210 utilia
901 4171 1003 4225 operae
1021 4155 1133 4209 nostrae
1151 4172 1208 4209 non
1226 4153 1420 4225 suppeditent,
1442 4157 1555 4224 praeter
1577 4170 1611 4209 ea
1633 4151 1744 4208 scilicet
1760 4169 1833 4222 quae

389 4238 603 4296 subministrant
624 4240 659 4295 de
677 4239 848 4298 Alarieiauis
870 4242 966 4310 (supra
987 4258 1015 4310 p.
1033 4240 1125 4294 XXXI
1136 4243 1216 4309 sem),
1241 4258 1291 4295 nos
1313 4239 1382 4296 satis
1405 4238 1555 4296 habuimus
1577 4238 1614 4294 ad
1636 4238 1834 4294 declarandam

390 4325 533 4391 rationem,
546 4343 619 4395 qnae
630 4325 781 4382 intercedit
798 4325 871 4382 inter
882 4326 1055 4397 exemplaria
1067 4327 1137 4381 haec
1154 4329 1183 4382 et
1195 4326 1287 4395 plena,
1306 4325 1433 4382 subicere
1445 4326 1521 4381 locos
1533 4324 1668 4395 potiores,
1688 4323 1717 4378 in
1730 4322 1833 4393 quibus

392 4412 517 4469 codicum
535 4412 682 4483 plenorum
700 4411 879 4468 diversitates
897 4413 1014 4469 redeunt
1031 4411 1061 4467 in
1079 4410 1223 4467 breviatis.

425 4541 508 4608 l,2,9
525 4540 611 4611 (add.)
629 4558 664 4596 ex
681 4540 773 4611 plenis
790 4559 861 4597 unus
877 4541 908 4595 F

560 4644 594 4682 ex
612 4626 766 4684 decurtatis
784 4625 984 4683 Ambrosianus
1002 4657 1034 4666 —
1053 4625 1197 4682 Leidensis
1209 4625 1360 4681 Vossianus

562 4730 595 4770 ex
613 4711 745 4785 epitomis
763 4713 921 4785 Aegidians
940 4744 972 4753 —
991 4712 1171 4770 'laurinensis
1188 4715 1226 4783 (p.
1240 4713 1314 4781 Clll)

426 4811 544 4876 1,15,17
562 4810 647 4878 (add)
665 4827 700 4866 ex
717 4808 809 4879 plenis
827 4827 898 4864 nnus
915 4810 943 4863 A

563 4913 597 4953 ex
615 4895 771 4953 decurtatis
788 4894 932 4950 Parisinus
949 4895 1018 4949 4412
1036 4925 1070 4934 —
1088 4893 1243 4949 Vaticanus
1261 4892 1374 4963 reginae
1396 4892 1462 4949 1028

425 4990 545 5057 1,1t,13
561 4989 647 5059 (add.)
665 5007 700 5046 ex
717 4988 808 5060 plenis
826 5006 897 5044 nnus
916 4987 947 5041 F

563 5092 597 5132 ex
615 5073 771 5131 decurtatis
787 5073 930 5131 Leidensis
942 5072 1095 5129 Vossianus

563 5179 598 5219 ex
615 5160 747 5233 epitomis
764 5160 923 5233 Aegidiana
940 5192 973 5201 -
992 5159 1138 5214 Fuldensis

426 5255 703 5328 2,7,1.2(sdu)ex
727 5255 818 5326 plenis
841 5273 912 5311 unus
934 5254 969 5317 0;
997 5252 1108 5309 accedit
1132 5254 1168 5308 ad
1189 5254 1278 5319 2,'l.2
1300 5251 1397 5306 folium
1421 5250 1563 5323 singulare
1586 5250 1722 5308 insertum
1743 5249 1834 5307 ecdici

597 5340 736 5399 Vaticano
754 5359 811 5414 reg.
826 5342 877 5397 520
893 5342 912 5396 f.
927 5341 977 5397 100
