4517 6125
1034 576 1236 638 -Llll—

405 737 480 810 16,8,
491 736 524 798 10
541 736 590 811 qni
608 737 637 795 in
653 741 735 796 textu
753 741 818 795 sunt
835 744 943 809 cycnea
959 739 989 792 iu
1006 739 1092 794 rabum
1119 738 1225 793 Contra
1239 737 1336 802 10,3,6
1353 738 1548 811 ruffablicuc)
1558 739 1678 809 palatini
1694 744 1852 814 et10,10,7

399 831 524 902 palatini
543 831 585 883 rei
603 827 753 897 p(ablicac)
776 826 951 897 corruptelae
973 831 1039 881 sunt
1064 826 1208 881 derivatae
1233 825 1292 882 siue
1316 825 1401 880 dubio
1424 843 1457 880 ex
1484 829 1647 898 compendio
1670 847 1733 888 caua
1750 850 1773 887 r.
1786 852 1816 903 p.
1836 853 1853 890 a

404 916 521 972 librario
539 915 646 969 inlatae
664 911 817 982 exemplari
835 930 934 982 parum
951 912 1104 968 intellecto.
1122 944 1157 952 -
1175 912 1275 967 Utrum
1296 911 1326 966 in
1344 912 1413 967 urbe
1432 912 1521 969 Roma
1538 915 1735 973 adnotationes
1759 920 1853 976 iactae

404 1003 464 1059 sint
482 1021 518 1058 au
536 1000 642 1057 alicubi
660 999 689 1053 in
706 999 859 1069 provincia,
878 998 986 1052 definiri
1004 1015 1058 1053 non
1077 1000 1179 1068 potest.
1210 997 1283 1052 Illud
1300 997 1451 1054 Haeuelius
1470 997 1524 1053 sibi
1542 999 1616 1056 visus
1634 1007 1678 1059 est
1695 1004 1803 1063 efficere
1820 1024 1854 1063 ex

404 1087 521 1144 scholiis
540 1087 643 1151 12,1,4
660 1115 694 1125 -
714 1084 816 1149 13,3,4
836 1115 865 1124 -
887 1084 926 1149 13,
936 1087 961 1149 5,
970 1087 995 1150 4,
1013 1102 1085 1154 quae
1103 1089 1254 1156 propterea
1271 1083 1328 1139 suis
1346 1083 1416 1140 locis
1434 1085 1645 1156 adscripsimus;
1667 1090 1738 1145 mihi
1759 1110 1774 1147 e
1792 1111 1853 1148 con-

404 1174 494 1232 trario
517 1172 692 1244 probabilius
715 1171 827 1227 videtur
844 1174 985 1226 auctorem
1009 1171 1094 1227 fuisse
1113 1171 1323 1242 provincialem.
1359 1172 1433 1227 Nam
1449 1173 1529 1228 ‘haec
1548 1174 1624 1229 urbs'
1641 1174 1671 1230 in
1689 1177 1773 1234 tertio
1791 1180 1854 1235 loco

405 1263 453 1317 vix
469 1261 559 1317 Roma
576 1262 620 1316 est
637 1262 667 1314 et
684 1257 713 1312 in
731 1258 821 1328 primo
839 1258 1014 1327 secundoque
1032 1258 1209 1328 explicantur
1227 1257 1353 1313 diversae
1372 1257 1548 1314 condiciones
1566 1260 1735 1319 urbanorum
1753 1263 1854 1322 Roma·

404 1367 503 1404 norum
521 1350 552 1404 et
569 1343 794 1417 provincialium.

493 1450 548 1507 Sed
565 1448 646 1505 nobis
663 1447 888 1504 Tbeodosianum
907 1448 1053 1504 edentibus
1071 1466 1143 1517 quac
1163 1446 1253 1518 prima
1271 1446 1399 1516 quaestio
1423 1452 1478 1514 est,
1501 1468 1567 1505 num
1586 1468 1620 1506 ex
1637 1452 1752 1508 scholiis
1771 1454 1854 1510 huius

405 1536 512 1594 ordinis
530 1535 638 1604 aliquid
656 1533 786 1606 proficiat
804 1533 927 1604 ipsarum
944 1534 1040 1604 legum
1061 1537 1169 1599 textus,
1193 1551 1255 1589 eam
1277 1552 1420 1605 negamus.
1458 1535 1573 1592 Scilicet
1591 1537 1699 1594 scholia
1717 1540 1786 1596 haec
1805 1541 1854 1609 qui

406 1623 536 1687 dictavit,
553 1640 608 1677 non
625 1620 728 1676 habuit
745 1618 800 1674 nisi
818 1623 926 1675 textum
945 1637 1008 1675 eum
1021 1637 1104 1689 quem
1116 1623 1251 1685 tenemus,
1271 1638 1326 1675 non
1345 1620 1408 1675 dico
1426 1620 1526 1691 ipsum,
1545 1640 1619 1689 nam,
1637 1629 1773 1695 utsupra
1787 1625 1854 1691 dixi,

406 1728 470 1766 eum
488 1708 659 1765 scholiastae
677 1707 885 1777 autographum
903 1724 962 1761 esse
976 1706 1020 1761 vel
1039 1725 1072 1762 eo
1090 1706 1216 1762 dictante
1233 1706 1423 1777 conscriptum
1435 1710 1657 1779 corruptelarum
1675 1711 1780 1768 indicia
1799 1731 1854 1769 non

435 1935 457 1988 l.
476 1934 508 1988 ln
526 1932 599 1989 libro
611 1932 685 1997 XVI,
703 1931 753 2001 qui
770 1931 801 1986 in
812 1931 952 1986 Vaticano
969 1931 1127 2001 descriptus
1145 1935 1188 1988 est
1206 1949 1239 1987 ex
1258 1932 1414 2001 archetypo
1432 1932 1533 1988 mutilo
1551 1933 1660 1989 omissis
1679 1936 1855 1992 constitutio·

475 2020 558 2075 nibus
582 2021 621 2084 16,
630 2020 682 2084 4,‘l
704 2019 742 2074 ad
765 2018 806 2083 16,
815 2021 840 2082 5,
851 2020 884 2073 16
907 2020 945 2088 (p.
958 2018 1069 2087 XLVI),
1096 2017 1308 2073 summariorum
1332 2023 1431 2074 auctor
1455 2018 1555 2074 titulos
1581 2024 1611 2076 et
1638 2022 1854 2080 constitutiones

475 2105 635 2163 numeravit
660 2105 697 2161 ad
722 2122 850 2160 numeros
876 2123 926 2176 per
951 2104 1062 2159 hiatum
1088 2122 1152 2160 eum
1179 2104 1307 2168 effectos,
1334 2104 1457 2175 exempli
1484 2122 1570 2161 causa
1596 2107 1761 2164 constitutio
1790 2127 1853 2166 vere

478 2194 518 2257 16,
527 2195 552 2258 5,
563 2194 595 2247 17
613 2190 668 2262 ipsi
686 2195 730 2247 est
748 2190 827 2246 tituli
845 2191 939 2260 quarti
958 2190 1124 2247 constitutio
1143 2194 1246 2246 octava
1263 2194 1293 2246 et
1311 2189 1351 2245 sic
1370 2190 1512 2261 deinceps.

432 2299 457 2352 2.
476 2293 648 2352 constitutio
673 2295 794 2360 12,1,54
817 2311 907 2350 errore
930 2291 1040 2349 librarii
1057 2293 1192 2348 Vaticani
1216 2293 1245 2347 in
1269 2292 1391 2349 transitu
1414 2293 1556 2366 apagina
1578 2295 1614 2351 ad
1631 2296 1766 2368 paginam
1791 2317 1853 2354 cum

476 2383 519 2437 bis
536 2380 644 2452 scripta
664 2381 715 2442 sit,
738 2377 803 2435 inde
828 2380 1023 2451 adlegationes
1045 2379 1074 2434 in
1092 2379 1251 2435 summariis
1273 2379 1315 2435 ita
1338 2379 1457 2436 affectae
1475 2383 1552 2445 sunt,
1577 2383 1610 2435 ut
1632 2399 1667 2437 ea
1688 2384 1853 2454 plerumque

475 2467 520 2523 bis
537 2470 707 2523 numeretur.

431 2572 455 2626 3.
475 2570 657 2641 corruptelae
682 2568 786 2625 codicis
802 2569 935 2624 Vaticani
952 2575 1090 2638 quatenus
1113 2570 1281 2641 perveniunt
1306 2571 1343 2627 ad
1364 2570 1473 2627 scholia
1496 2575 1602 2637 nostra,
1629 2571 1657 2627 in
1679 2572 1715 2628 iis
1738 2574 1855 2630 redeunt

476 2675 578 2713 omnes.
615 2658 660 2714 lta
677 2658 778 2722 10,1,6
794 2657 932 2712 vocabula
948 2657 1086 2726 quaedam
1103 2658 1178 2713 male
1196 2657 1340 2728 adscripta
1357 2675 1391 2713 ex
1410 2658 1511 2723 10,1,7
1530 2663 1560 2714 et
1577 2664 1653 2715 recte
1670 2659 1765 2716 deleta
1783 2679 1801 2716 a
1815 2662 1856 2716 V*

475 2744 608 2799 similiter
629 2744 732 2798 adsunt
753 2743 784 2798 in
806 2741 921 2798 scholio.
957 2743 1002 2796 lta
1022 2743 1122 2808 14,3,8
1140 2761 1173 2799 ex
1193 2742 1313 2799 lectione
1326 2743 1459 2799 Vaticani
1481 2749 1622 2799 matrasta
1644 2763 1695 2816 pro
1716 2753 1855 2802 mutuatu

476 2829 511 2885 in
530 2828 645 2885 scholiis
669 2830 799 2886 ellectum
824 2834 868 2885 est
893 2832 1046 2883 monstrum
1072 2830 1203 2885 vocabuli
1230 2830 1369 2899 stupariis.
1413 2829 1539 2898 Denique
1567 2834 1600 2886 ut
1625 2849 1710 2902 supra
1736 2832 1855 2889 vidimus

475 2917 647 2974 mutationes
664 2934 783 2987 paucas,
804 2933 875 2985 quas
891 2933 990 2970 manus
1004 2916 1058 2968 γ’*
1077 2915 1106 2969 in
1129 2919 1238 2972 textum
1257 2915 1369 2983 intulit,
1396 2915 1471 2971 iusta
1489 2917 1660 2973 auctoritate
1684 2935 1790 2985 carere,
1813 2919 1855 2976 ita

476 3004 586 3058 nullum
603 3004 696 3058 locum
714 3001 817 3068 inveni,
835 3001 884 3072 qui
902 3019 953 3072 per
970 3001 1079 3057 scholia
1097 3001 1134 3056 ab
1153 3003 1250 3058 eadem
1268 3019 1354 3057 manu
1371 3000 1479 3073 scripta
1497 3003 1684 3075 probabiliter
1695 3007 1856 3077 expleretur

477 3090 522 3145 vel
540 3091 743 3146 emendaretur.
779 3089 887 3144 Habuit
905 3088 1017 3143 omnino
1035 3088 1059 3143 is
1077 3088 1127 3158 qui
1145 3088 1254 3144 scholia
1272 3088 1398 3159 scripsit,
1417 3090 1561 3159 exemplar
1578 3108 1596 3145 a
1607 3091 1747 3148 Vaticano
1766 3093 1854 3150 diver-

475 3195 548 3243 sum,
571 3176 620 3233 scd
640 3176 671 3230 ni
692 3176 776 3231 fallor
798 3175 890 3245 ipsum
906 3173 1040 3229 Vaticani
1061 3175 1247 3244 archetypum
1271 3175 1445 3245 propositum
1467 3175 1591 3232 librariis
1612 3176 1647 3231 iis
1671 3178 1721 3246 qui
1745 3183 1854 3235 textum

474 3262 647 3334 scripserunt
663 3260 760 3331 itaque
778 3279 796 3317 a
813 3260 981 3316 scholiorum
999 3258 1135 3329 scriptore
1153 3260 1312 3316 adhibitum
1330 3261 1367 3315 ad
1386 3278 1419 3317 ea
1437 3262 1652 3329 conscribenda,
1673 3281 1728 3319 non
1746 3266 1855 3321 adhibi-

476 3352 538 3404 tum
556 3349 594 3404 ad
615 3350 725 3405 textum
742 3347 952 3404 emendandum.

408 3470 451 3525 Oh
468 3487 532 3526 earn
549 3485 675 3534 causam,
694 3467 769 3537 quod
790 3467 826 3522 ad
845 3466 1032 3522 'theodosiani
1052 3470 1161 3523 textum
1179 3467 1264 3523 utilia
1281 3468 1360 3522 nulla
1378 3467 1575 3539 suppeditant,
1601 3468 1725 3524 abstinui
1747 3488 1765 3525 a
1787 3471 1854 3527 reci·

407 3556 518 3628 piendis
538 3554 654 3610 scholiis
674 3554 719 3608 his
736 3553 854 3625 integris
871 3554 900 3608 in
917 3554 990 3609 hanc
1009 3553 1168 3610 editionem.
1205 3554 1277 3609 Octo
1295 3553 1399 3624 priores
1422 3554 1482 3609 eius
1504 3553 1590 3610 libros
1607 3573 1744 3624 nusquam
1767 3556 1795 3611 in
1819 3556 1855 3611 iis

407 3644 576 3714 adlegantes
597 3657 687 3710 neque
710 3638 768 3694 alia
790 3640 896 3695 habent
918 3639 1033 3710 propria
1056 3641 1132 3707 (nam
1156 3641 1202 3694 vix
1224 3640 1396 3696 numeranda
1418 3645 1484 3696 sunt
1508 3645 1648 3695 commata
1670 3642 1808 3710 quaedam
1837 3661 1854 3699 a

408 3726 657 3785 constitutionibus
674 3726 775 3791 aliena,
794 3731 826 3782 ut
846 3728 958 3791 12,1,1:
980 3726 1025 3780 lu'c
1043 3726 1135 3794 etiam,
1154 3727 1269 3794 qualiter
1284 3732 1357 3796 qesta
1375 3725 1486 3780 ἀώιαηι
1503 3727 1597 3793 cautim
1614 3727 1692 3796 apud
1708 3729 1856 3798 nimpe

407 3820 437 3872 et
455 3815 496 3880 12,
508 3815 569 3880 l,4:
589 3819 713 3883 paudus
729 3815 882 3883 spectabiles
901 3814 962 3881 fieri
984 3818 1014 3870 et
1033 3815 1072 3878 12,
1085 3814 1107 3878 l,
1119 3814 1182 3869 181:
1208 3815 1270 3867 itan
1288 3814 1402 3868 curiales
1423 3818 1449 3867 et
1469 3814 1637 3883 collegiatam
1653 3814 1814 3869 revocandos
1831 3820 1855 3869 ct

407 3908 438 3956 at
456 3900 638 3969 mutierem
655 3898 736 3953 aedas
748 3899 897 3970 profugum
910 3903 1100 3969 prensatur)
1119 3899 1245 3971 exceptis
1263 3899 1332 3954 locis
1350 3899 1457 3954 duobus
1469 3900 1495 3963 9,
1505 3899 1546 3964 23,
1561 3901 1573 3953 1
1588 3903 1617 3955 et
1632 3900 1657 3967 9,
1667 3900 1709 3965 35,
1720 3900 1743 3954 2.
1776 3900 1855 3955 Prior

408 3987 450 4043 ita
467 3985 572 4057 legitur
589 3984 618 4039 in
637 3984 732 4041 codice
750 3986 786 4040 ab
804 3986 944 4042 lluelseno
962 3986 1121 4043 examinato
1140 3987 1304 4058 diligenter:

662 4105 857 4161 Sssmmriam:
1400 4107 1497 4161 Tectae
1515 4114 1538 4173 9,
1548 4112 1589 4175 23,
1601 4116 1628 4161 1:

408 4194 484 4248 Duas
502 4210 546 4249 res
564 4191 705 4263 praecipit

408 4285 442 4335 ut
466 4297 557 4349 neque
581 4278 732 4349 poecunias
755 4280 893 4335 vendendi
912 4282 1017 4350 c(ansa)
1042 4280 1071 4335 in
1157 4278 1325 4347 quicumque
1344 4279 1388 4332 vel
1407 4279 1526 4335 conflare
1545 4278 1679 4348 pecunias
1698 4280 1742 4333 vel
1760 4280 1796 4334 ad
1815 4280 1855 4335 di·

443 4365 544 4421 alienis
562 4365 600 4419 ab
618 4364 713 4432 aliquo
730 4366 884 4422 conflentur
900 4383 1003 4437 prouoe
1022 4366 1089 4437 [sic]
1193 4381 1272 4419 versa
1286 4364 1422 4419 vendendi
1441 4382 1525 4420 causa
1543 4366 1693 4421 transferre
1711 4365 1855 4435 detegitur

408 4542 438 4596 et
457 4542 490 4594 ut
506 4538 545 4592 sit
563 4537 692 4592 custodia
709 4537 841 4594 itinerum
861 4540 904 4593 vel
923 4503 1037 4595 litorum
1158 4535 1355 4605 litoraque...
1370 4538 1416 4590 .et
1431 4533 1542 4592 itineris
1554 4535 1691 4593 transitus
1703 4537 1854 4594 statuimus

1192 4622 1327 4678 custodiri

409 4803 443 4855 ut
466 4796 538 4853 nulli
563 4795 666 4852 viatori
689 4797 776 4854 liceat
801 4798 923 4868 amplius
947 4816 965 4853 a
990 4798 1068 4853 mille
1157 4815 1209 4853 nec
1233 4814 1299 4853 vero
1324 4795 1427 4865 aliquis
1451 4794 1659 4867 negotiatorum
1685 4799 1751 4869 plus
1776 4799 1854 4855 mille

444 4886 560 4941 follibus
577 4888 690 4955 portare
1192 4884 1306 4939 follibus
1325 4922 1392 4937 ....
1409 4886 1523 4951 portare
1542 4881 1658 4939 debebit

410 5077 501 5129 neque
518 5056 679 5115 centenales
697 5074 823 5112 nummos
842 5056 886 5111 vel
904 5056 1055 5111 maiorinas
1108 5056 1134 5110 ll
1157 5060 1259 5111 cuncta
1271 5098 1277 5110 .
1291 5097 1297 5110 .
1311 5096 1317 5110 .
1329 5054 1527 5111 mercabantur
1537 5056 1810 5126 praeterpecunias.
1827 5098 1853 5112 ..

1192 5142 1343 5197 maiorinas
1357 5142 1400 5197 vel
1414 5139 1620 5196 centenionales
1636 5158 1793 5198 communes
1805 5185 1811 5198 .
1825 5185 1832 5197 .
1846 5184 1853 5196 .

409 5229 485 5299 quod
510 5228 535 5284 si
562 5229 611 5299 qui
638 5230 770 5286 inventus
795 5228 881 5285 fuerit
907 5228 1065 5284 confiscatis
1123 5230 1135 5282 l
1158 5228 1182 5282 si
1205 5228 1267 5297 quis
1291 5228 1408 5283 forsitan
1433 5245 1560 5281 nummus
1580 5232 1694 5297 praeter
1718 5245 1780 5283 euru
1804 5230 1852 5297 qui

445 5315 528 5371 rebus
546 5315 606 5370 eius
626 5314 721 5386 capite
740 5315 875 5385 puniatur
1194 5314 1223 5369 in
1240 5333 1292 5369 usu
1315 5314 1429 5385 publico
1451 5318 1611 5383 perseverat
1633 5313 1710 5384 apud
1729 5312 1852 5383 aliquem

1194 5405 1375 5457 mercatorem
1392 5401 1478 5457 fuerit
1497 5401 1633 5466 iuventus,
1652 5399 1711 5455 fisci
1728 5398 1853 5458 dominio
