4517 6125
804 1173 844 1282 Ι.
878 1168 1451 1282 IMPERATORES.

406 1410 609 1449 consrsnmsvs
628 1410 637 1446 1
655 1392 691 1447 ad
710 1391 807 1454 a.33‘1;
825 1393 934 1444 mortuo
952 1405 984 1442 eo
997 1386 1042 1442 die
1056 1385 1172 1450 1111123,
1191 1386 1242 1440 sub
1256 1384 1365 1440 nomine
1378 1385 1504 1440 defuncti
1516 1389 1581 1442 acta
1599 1387 1764 1445 continuata
1782 1390 1848 1444 sunt

508 1480 544 1533 ad
563 1479 638 1549 Sept.
651 1480 675 1533 9.

407 1568 535 1636 [uermes
553 1567 579 1632 (†
591 1566 653 1634 324)
673 1582 704 1619 ss
723 1581 839 1619 ucrmvs
857 1580 930 1617 onas.
949 1577 1004 1617 non
1022 1559 1203 1630 comparent]

474 1654 506 1707 ln
529 1651 721 1708 consulatibus
744 1648 925 1706 enuntiandis
946 1645 1115 1703 Licinianum
1138 1645 1252 1702 nomina
1274 1645 1431 1703 retinentur
1453 1647 1583 1704 detracta
1605 1646 1682 1718 patri
1706 1647 1847 1720 dignitate

508 1736 641 1809 Augusti;
660 1736 689 1792 in
707 1735 851 1792 codicibus
868 1732 1018 1803 aliquoties
1036 1733 1135 1802 (1,2,2
1154 1762 1183 1771 -
1204 1732 1244 1797 16,
1254 1732 1278 1797 2,
1290 1732 1313 1797 1,
1332 1733 1366 1787 cf.
1379 1733 1447 1788 lust.
1462 1734 1485 1801 1,
1494 1734 1535 1800 22,
1545 1733 1572 1802 3)
1590 1732 1713 1811 adicitur
1726 1733 1801 1790 Caes.
1813 1755 1847 1793 ex

509 1823 734 1894 interpolatione.

475 1911 564 1981 Leges
584 1928 634 1981 per
651 1909 702 1964 hos
720 1924 806 1962 annos
824 1908 900 1964 latae
919 1906 1042 1962 directae
1060 1905 1089 1961 in
1108 1905 1263 1971 Orientem,
1281 1910 1314 1962 ut
1333 1906 1451 1971 13,1o.2
1468 1907 1505 1962 sd
1522 1905 1680 1978 praesidem
1696 1907 1800 1977 Lyciae
1817 1912 1848 1965 et

510 1994 702 2067 Pamphyliae,
720 1993 807 2059 8,4,3
825 2011 888 2048 cum
906 1992 1009 2048 iunctis
1027 1993 1064 2048 ad
1075 1992 1220 2062 Bithynos,
1239 2010 1410 2062 quamquam
1427 1992 1576 2048 nodantur
1593 1993 1644 2048 sub
1663 2011 1718 2049 nno
1735 1995 1847 2050 nomine

510 2080 695 2145 Constantini,
712 2079 768 2133 nisi
785 2097 874 2134 annus
891 2079 975 2144 fallit,
995 2077 1096 2134 Licinii
1113 2078 1171 2134 sint
1188 2096 1300 2134 necesse
1317 2081 1368 2135 est.

475 2168 615 2229 Quattuor
626 2164 849 2232 constitutiones,
867 2182 939 2234 quae
958 2168 1023 2220 sunt
1040 2163 1069 2218 in
1083 2163 1238 2220 iustiniano
1256 2163 1351 2218 codice
1369 2163 1421 2218 sub
1433 2163 1608 2235 praescripto
1625 2164 1704 2234 asepp.
1719 2165 1848 2221 warna

507 2253 583 2307 unas
604 2257 627 2307 et
644 2252 768 2307 tinnire
785 2253 874 2323 Aepy.
891 2251 987 2319 (3,1,8
1006 2281 1038 2289 -
1057 2249 1142 2318 6,1,3
1161 2280 1194 2290 -
1212 2251 1236 2317 7,
1248 2250 1343 2318 16,41)
1366 2248 1425 2304 sive
1449 2250 1597 2319 waplam
1617 2265 1760 2307 scamus
1780 2253 1849 2308 litte·

507 2355 602 2392 ronan
621 2337 792 2392 θοηααηὶίηί
810 2344 836 2392 ct
853 2338 958 2392 licinii
975 2339 1061 2406 Aupp.
1079 2338 1115 2404 (7,
1124 2337 1166 2401 22,
1173 2339 1210 2405 3),
1229 2335 1344 2392 veniant
1361 2353 1472 2392 necesse
1489 2341 1534 2393 est
1552 2354 1585 2392 ex
1603 2355 1718 2409 corpore
1735 2340 1848 2394 Hermo

507 2423 635 2495 geniano,
655 2442 718 2479 cum
735 2423 900 2495 praesertim
918 2422 966 2478 uni
984 2440 1079 2478 earum
1096 2423 1181 2488 6,1,3
1199 2422 1358 2493 subscripta
1376 2420 1415 2478 sit
1432 2422 1551 2479 formula
1567 2423 1626 2478 nne
1642 2423 1685 2479 die
1701 2429 1726 2481 st
1742 2426 1850 2481 masaa

508 2530 525 2567 a
543 2510 738 2567 'theodosiano
757 2510 858 2566 aliena

405 2614 825 2661 101111111111,οο11111111111,
844 2613 980 2650 conserus
998 2595 1138 2652 Caesares.

474 2683 547 2739 Baro
565 2684 601 2752 (2,
610 2684 676 2749 eal
691 2713 724 2722 -
736 2685 762 2749 3,
772 2686 823 2748 5,4
841 2682 876 2753 {ei
891 2701 956 2738 vera
974 2685 1017 2737 est
1034 2681 1119 2738 lectio
1139 2682 1243 2738 codicis
1256 2683 1333 2751 lust]
1346 2710 1380 2721 —
1392 2682 1417 2745 3,
1429 2683 1492 2746 17,1
1509 2712 1542 2722 -
1554 2681 1578 2748 3,
1590 2683 1656 2747 17,2
1670 2712 1700 2724 -
1714 2684 1738 2748 7,
1751 2686 1773 2750 1,
1785 2684 1799 2739 l
1813 2714 1847 2725 -

509 2769 1123 2837 7,12,1-9,16‚3-10‚1,1-11,39,2)
1143 2768 1219 2838 patri
1237 2767 1420 2824 Constantino
1438 2766 1490 2822 lilii
1507 2768 1639 2824 Caesares
1657 2767 1848 2840 adiunguntur

508 2854 666 2911 nominibus
684 2856 761 2911 nullo
780 2857 841 2912 loco
860 2855 1025 2918 enuntiatis;
1048 2874 1113 2910 nam
1131 2858 1156 2920 4,
1167 2856 1217 2920 4,1
1238 2845 1418 2911 Constantius
1436 2871 1490 2910 non
1509 2853 1612 2910 Caesar
1628 2856 1683 2922 est,
1701 2856 1750 2913 sed
1768 2874 1847 2927 prae·

509 2943 599 2998 fectus
616 2942 766 3013 praetorio.

407 3033 618 3102 [consensumve
636 3047 656 3083 11
676 3032 702 3098 (γ
714 3029 766 3086 340
779 3047 871 3086 mense
885 3029 988 3102 Aprili)
1006 3047 1061 3085 non
1080 3032 1224 3101 comparet
1242 3028 1358 3085 omissus
1376 3027 1463 3085 etiam
1481 3048 1508 3101 p.
1521 3029 1555 3085 26
1572 3027 1601 3084 iu
1619 3027 1711 3087 iudice
1729 3028 1848 3101 impera-

509 3120 600 3171 torum
618 3116 813 3173 Theodosiano
831 3119 971 3187 praefixo]

404 3220 590 3259 consensumve
608 3220 628 3256 11
647 3204 708 3269 (337
728 3204 803 3274 Sept.
817 3204 933 3259 9-361
955 3203 1026 3258 Nov.
1039 3203 1075 3272 3).

476 3290 527 3345 Per
551 3307 646 3345 omnes
670 3291 720 3345 hos
746 3306 833 3344 annos
855 3288 1102 3344 constitutionibus
1125 3286 1326 3358 praescribitur
1349 3305 1449 3343 nomen
1467 3288 1623 3345 Constantii
1647 3289 1729 3344 modo
1753 3288 1849 3354 soline,

508 3376 589 3431 modo
607 3394 670 3431 cum
683 3376 835 3432 Constante
848 3377 975 3446 Augusto
995 3376 1038 3430 vel
1054 3374 1162 3430 Iuliano
1177 3373 1302 3430 Caesare.
1332 3373 1406 3429 Anni
1423 3375 1472 3430 361
1497 3373 1613 3431 extremi
1632 3375 1849 3432 constitutiones

509 3467 607 3518 extans
625 3463 727 3517 nullae.

404 3566 542 3604 conscius
560 3549 622 3617 (337
641 3549 718 3619 Sept.
730 3550 746 3603 9
760 3580 791 3587 -
801 3549 853 3606 350
871 3549 928 3603 Ian.
944 3549 995 3615 18).

475 3636 579 3707 Legum
592 3633 755 3689 emissarum
768 3652 785 3689 a
798 3634 862 3689 filiis
875 3633 1051 3690 Constantini
1064 3633 1148 3705 primi
1161 3634 1319 3704 pleraeque,
1335 3633 1409 3690 sicut
1426 3652 1476 3704 per
1488 3652 1574 3690 annos
1586 3634 1710 3707 singulos
1722 3635 1849 3691 declarat

513 3719 666 3776 laterculus
684 3719 793 3784 tertius,
812 3721 901 3775 solnm
914 3720 1073 3776 Constantii
1091 3737 1189 3777 nomen
1203 3720 1407 3791 praescriptum
1424 3720 1539 3787 habent,
1557 3738 1607 3778 eae
1625 3725 1728 3786 anum,
1747 3721 1850 3791 quibus

511 3804 737 3879 praescribuntur
754 3805 934 3862 Constantius
952 3811 981 3862 et
999 3807 1147 3872 Constans,
1171 3805 1348 3877 reperiuntur
1366 3824 1421 3861 non
1443 3806 1532 3861 solum
1554 3824 1689 3864 annorum
1706 3806 1850 3864 331-350

511 3895 563 3950 hoc
582 3894 654 3959 vivo,
673 3894 723 3949 sed
740 3892 847 3962 pariter
866 3896 1064 3963 postmortem
1082 3893 1118 3947 ad
1137 3910 1162 3947 a.
1179 3911 1266 3962 usque
1284 3894 1343 3948 361.
1378 3893 1503 3949 Errorem
1520 3910 1576 3949 non
1592 3892 1782 3959 librariorum,
1800 3894 1850 3950 sed

510 3980 722 4051 compilatorum
747 3978 873 4049 explicat
897 3978 979 4034 index
1004 3980 1084 4034 modo
1109 3978 1225 4045 citatus,
1251 3977 1299 4033 ubi
1324 3978 1397 4035 inter
1419 3978 1630 4035 Constantinum
1655 3982 1685 4035 et
1709 3978 1849 4035 Iulianum

509 4068 726 4138 interponuntur
747 4065 922 4119 Constantius
940 4070 963 4119 et
983 4064 1122 4118 Corinnae.
1153 4064 1323 4120 Tribuerunt
1340 4063 1451 4121 scilicet
1469 4066 1620 4137 prudentes
1637 4064 1768 4135 Byzantii
1786 4084 1849 4122 eon·

510 4154 671 4211 stitutiones
685 4151 904 4222 subscriptiones
916 4152 1052 4206 habentes
1065 4168 1199 4205 annornm
1211 4150 1350 4205 337-361
1365 4169 1460 4207 omnes
1472 4151 1636 4208 Constantio
1650 4154 1680 4208 et
1692 4151 1849 4219 Constanti,

510 4240 664 4311 promiscue
683 4240 763 4294 modo
782 4238 957 4293 nominantes
976 4241 1132 4306 utrumque,
1151 4237 1231 4292 modo
1251 4237 1339 4291 solum
1357 4237 1485 4308 priorem.

407 4330 590 4398 [alaunense
609 4326 849 4395 (350-353)11ο11
868 4324 1033 4395 comparet]

405 4431 588 4469 eousrsnmvs
605 4430 708 4467 camus
726 4412 828 4467 Caesar
844 4411 905 4479 (351
915 4411 1020 4480 -354).

477 4499 671 4556 Constantium
696 4498 808 4554 Gallum
831 4499 975 4553 Caesarem
1000 4500 1119 4568 excepto
1142 4516 1197 4551 una
1221 4497 1421 4553 constitutione
1446 4499 1485 4563 15,
1500 4499 1539 4563 14,
1552 4498 1581 4562 5,
1608 4496 1657 4553 ubi
1681 4501 1776 4554 tamen
1797 4517 1850 4570 pro

510 4586 672 4642 Constantio
695 4585 858 4656 appellatur
876 4584 1024 4648 Constans,
1049 4583 1243 4653 inscriptiones
1266 4602 1320 4639 non
1343 4584 1500 4655 adiungimt
1518 4586 1653 4655 sugnrsn.
1677 4614 1710 4624 -
1733 4585 1764 4640 In
1787 4603 1850 4642 con·

510 4673 648 4727 sulatibus
672 4673 751 4728 adest
773 4670 898 4739 quidem,
920 4671 968 4725 sed
991 4671 1042 4724 sub
1066 4687 1130 4725 vero
1154 4669 1263 4726 nomine
1286 4670 1438 4725 Constantii
1459 4688 1521 4725 raro
1543 4673 1579 4737 (6,
1588 4672 1640 4736 4,7
1660 4700 1692 4711 -
1711 4672 1736 4739 8,
1746 4674 1798 4741 5,5
1816 4703 1848 4715 -

509 4763 533 4824 8,
543 4760 594 4824 5,6
608 4789 637 4797 -
656 4759 680 4822 8,
690 4761 714 4824 5,
726 4759 741 4811 7
754 4789 786 4798 -
802 4758 841 4821 12,
853 4758 916 4820 1,41
937 4788 968 4796 -
988 4757 1126 4824 12,1,42),
1146 4756 1308 4826 plerumque
1327 4756 1394 4813 item
1413 4756 1505 4813 dictus
1524 4756 1666 4826 Caeretana,
1685 4776 1740 4815 non
1758 4778 1849 4818 errore

510 4848 636 4908 sortasse,
654 4845 702 4899 sed
721 4848 753 4899 ut
771 4844 889 4899 tollatur
907 4859 1005 4898 nomen
1023 4843 1158 4897 damnati.

409 4949 539 4987 iverauvs
557 4930 658 4986 Caesar
676 4932 736 4997 (355
754 4931 825 4984 Νον.
836 4930 974 4997 6-360),
993 4928 1092 4984 deinde
1111 4932 1253 5001 Augustus
1272 4930 1435 4996 (360-363
1453 4931 1579 4998 1111129).

480 5017 603 5073 lulianus
623 5017 724 5072 Caesar
741 5016 902 5073 nominatur
923 5015 952 5070 in
971 5015 1171 5072 constitutione
1189 5017 1279 5071 11355
1296 5017 1410 5086 1111130
1427 5017 1552 5087 (3,12,2)
1575 5035 1688 5074 erronea
1711 5017 1849 5090 anticipa·

511 5104 595 5168 tione,
614 5104 713 5159 deinde
732 5103 760 5157 in
779 5102 959 5173 inscriptione
978 5121 1039 5156 raro
1058 5103 1227 5172 praeteritur
1246 5122 1295 5173 per
1307 5121 1392 5158 annos
1406 5104 1475 5159 duos
1486 5104 1537 5159 356
1548 5109 1578 5161 et
1589 5105 1648 5170 360,
1666 5104 1768 5174 quibus
1786 5122 1850 5161 con·

513 5191 634 5243 sulatum
653 5188 789 5255 obtinuit,
813 5194 927 5260 propter
944 5188 1176 5259 subscriptionem
1196 5189 1340 5252 videlicet3
1365 5208 1380 5246 e
1403 5190 1541 5245 contrario
1558 5209 1621 5246 raro
1640 5209 1702 5246 cum
1720 5191 1849 5263 Augusto

509 5276 667 5331 nominatur
693 5294 743 5346 per
765 5277 866 5330 11351.
890 5275 948 5329 353.
970 5276 1030 5329 359.
1056 5306 1087 5314 -
1113 5274 1242 5330 Eiusdem
1267 5276 1386 5347 Augusti
1409 5294 1508 5332 nomeu
1531 5275 1744 5333 constitutiones
1766 5294 1849 5333 anno·

509 5382 569 5419 rum
588 5362 646 5419 360.
665 5363 714 5417 361
733 5379 788 5417 non
805 5363 911 5419 habent
930 5362 1141 5433 praescriptum,
1160 5362 1265 5419 hebent
1283 5381 1308 5418 a.
1322 5364 1373 5421 362
1391 5381 1486 5419 omnes
1505 5365 1628 5434 (praeter
1646 5381 1728 5419 unam
1746 5364 1850 5431 1,15,4
