4517 6125
851 1546 1366 1641 PROLEGOMENA

483 1719 556 1811 IN
589 1716 1172 1814 CONSTITVTIONES
1207 1719 1735 1815 SIRMONDIANAS.

473 2020 588 2093 Sylloge
607 2021 850 2086 constitutionum,
870 2039 942 2090 quae
965 2040 982 2077 a
1000 2022 1091 2092 primo
1110 2021 1233 2077 universi
1253 2021 1376 2093 corporis
1393 2022 1501 2078 editore
1518 2022 1714 2078 Sirmoudiana
1731 2042 1834 2078 nuncu-

386 2109 479 2176 patur,
497 2107 534 2161 ad
552 2125 602 2162 uos
615 2105 743 2177 pervenit
761 2106 821 2162 sine
834 2106 1017 2177 inscriptione
1031 2107 1076 2163 vel
1094 2107 1302 2177 subscriptione
1323 2108 1395 2171 ulla;
1413 2123 1478 2162 nam
1490 2126 1561 2177 quae
1579 2126 1630 2179 pro
1648 2109 1737 2179 ipsius
1749 2108 1835 2164 titulo

386 2197 507 2262 accepta
524 2197 590 2248 sunt
607 2192 782 2264 praescripta
800 2193 833 2247 dc
850 2195 992 2261 episcopali
1009 2194 1121 2260 iudicio,
1141 2211 1175 2249 ea
1189 2194 1305 2249 dubium
1324 2213 1380 2250 non
1398 2198 1442 2250 est
1459 2195 1599 2265 pertinere
1617 2195 1654 2249 ad
1670 2196 1760 2249 solam
1772 2213 1835 2250 con-

385 2278 563 2335 stitutionem
581 2280 709 2350 primam.
739 2279 872 2333 Videmur
890 2297 951 2334 eam
969 2279 1075 2335 habere
1093 2280 1213 2350 plenam,
1234 2298 1298 2334 uam
1317 2298 1334 2334 a
1353 2280 1448 2336 codice
1466 2281 1549 2335 unico
1566 2280 1678 2352 integro
1694 2281 1769 2351 quod
1786 2281 1834 2337 ab·

384 2367 450 2419 sunt
468 2365 560 2435 prims.
578 2365 663 2421 verba
681 2364 814 2421 restituta
831 2382 921 2436 nuper
938 2383 972 2421 ex
990 2365 1145 2437 exemplari
1163 2383 1181 2420 a
1198 2365 1306 2438 sylloge
1325 2365 1434 2431 alieno,
1455 2367 1485 2421 id
1504 2369 1601 2422 contra
1619 2367 1746 2438 syllogae
1764 2368 1836 2423 inte·

384 2452 519 2525 gritatem
536 2469 591 2507 non
604 2451 709 2522 poterit
720 2451 855 2523 adlegari,
874 2469 937 2507 cum
955 2451 1030 2508 adsit
1048 2453 1079 2507 in
1096 2452 1195 2508 eodem
1215 2451 1371 2523 inscriptio,
1383 2452 1549 2521 videturque
1561 2453 1652 2522 magis
1665 2453 1835 2524 principium

385 2537 472 2593 minio
498 2537 616 2594 sortasse
642 2537 778 2608 scriptum
805 2538 834 2592 iu
859 2540 1015 2609 archetypo
1040 2538 1194 2594 evanuisse.
1235 2539 1367 2594 Continet
1392 2539 1609 2595 constitutiones
1633 2540 1835 2610 imperatorum

384 2623 572 2680 Romanorum
590 2641 704 2679 numero
721 2624 842 2680 sedecim
861 2625 937 2692 (nam
955 2642 1027 2693 quae
1049 2642 1100 2695 pro
1119 2625 1199 2680 XVII
1218 2629 1248 2681 et
1268 2625 1361 2679 XVIII
1383 2629 1577 2684 numerantur.
1602 2644 1688 2696 supra
1712 2645 1739 2697 p.
1757 2626 1834 2681 LXII

385 2710 506 2766 vidimus
524 2712 671 2780 excerptas
688 2727 748 2766 esse
765 2727 799 2765 ex
811 2708 1007 2765 'theodosiano
1025 2714 1055 2766 et
1072 2712 1185 2765 nostrae
1203 2710 1330 2780 syllegae
1349 2711 1378 2765 in
1397 2709 1492 2766 codice
1507 2710 1640 2781 primario
1659 2711 1834 2782 subiunctas)

384 2813 474 2865 neque
493 2796 529 2850 ad
547 2800 658 2866 tempus
675 2813 773 2863 neque,
792 2799 929 2864 quantum
942 2795 1055 2864 quidem
1072 2796 1154 2851 nobis
1173 2799 1305 2866 apparet,
1324 2797 1361 2851 ad
1379 2796 1465 2850 aliam
1483 2797 1571 2851 ullam
1587 2797 1714 2867 regulam
1726 2798 1835 2854 ordina·

384 2885 441 2948 tas,
464 2883 512 2938 sed
535 2885 702 2937 numeratas.
739 2879 820 2936 Certe
843 2881 872 2936 in
891 2882 987 2937 codice
1010 2881 1060 2936 illo
1085 2882 1219 2951 primario
1240 2881 1348 2937 numeri
1365 2881 1502 2952 adscripti
1525 2885 1590 2937 sunt
1612 2882 1648 2938 nd
1667 2882 1754 2936 XIIII.
1774 2881 1834 2936 XV.

385 2967 459 3032 XVI,
477 2968 602 3036 itemque
618 2967 655 3021 ad
673 2966 752 3030 XIII,
771 2967 821 3035 qui
838 2985 968 3023 uumerus
986 2967 1016 3021 in
1034 2968 1144 3040 sylloge
1163 2966 1336 3033 corbeiensi,
1355 2986 1427 3037 quae
1446 2969 1518 3023 hanc
1536 2970 1629 3040 legem
1647 2986 1681 3024 ex
1699 2968 1763 3039 ipsa
1780 2970 1835 3024 hac

384 3057 494 3129 sylloge
511 3056 623 3112 videtur
641 3056 853 3127 deprompsisse,
871 3055 902 3111 in
914 3057 1005 3112 XLIII
1023 3061 1172 3127 corruptus
1189 3061 1241 3113 est.
1261 3086 1295 3096 -
1313 3056 1353 3112 lix
1371 3054 1620 3112 constitutionibus
1638 3053 1835 3125 antiquissima

384 3147 428 3201 est
447 3144 539 3213 prima
556 3142 733 3198 Constantini
751 3161 775 3198 a.
789 3144 848 3209 333,
866 3143 1058 3199 recentissima
1077 3148 1158 3200 sexta
1170 3143 1367 3199 Valentiniani
1386 3142 1427 3197 III
1445 3160 1471 3198 s..
1482 3142 1542 3198 425.
1579 3141 1700 3196 Dubium
1717 3158 1771 3197 uon
1791 3145 1835 3196 est

384 3230 512 3302 syllogen
530 3229 713 3298 compilatam
729 3247 788 3285 esse
806 3233 872 3286 aute
890 3229 1069 3301 publicatum
1088 3230 1216 3287 codicem
1235 3229 1471 3294 Tbeodosianum,
1495 3247 1558 3284 cum
1582 3247 1646 3285 eum
1667 3245 1722 3283 non
1743 3228 1834 3282 solum

385 3334 440 3371 non
458 3316 579 3387 adleget,
597 3316 644 3370 sed
664 3316 879 3373 constitutiones
897 3316 927 3371 in
945 3334 1009 3372 eum
1029 3321 1158 3386 receptas
1177 3317 1328 3387 bipertItas
1347 3320 1376 3372 et
1394 3313 1582 3379 abbreviatas,
1601 3314 1698 3386 plenas
1716 3317 1746 3369 et
1764 3315 1834 3369 inte

385 3418 450 3473 gras
467 3406 618 3472 proponat,
642 3406 674 3457 at
696 3402 883 3472 probabiIItar
900 3406 1042 3458 statuetur
1061 3401 1249 3457 'theodosiani
1270 3402 1467 3473 compilatores
1489 3418 1553 3457 usos
1575 3417 1634 3456 esse
1656 3400 1753 3456 sinon
1772 3400 1835 3471 ipsa

384 3487 439 3542 hac
456 3487 573 3558 sylloge,
592 3491 667 3543 certe
684 3486 772 3542 simili
785 3505 873 3557 eaque
888 3486 999 3542 omnino
1012 3485 1136 3557 pleniore
1155 3504 1189 3541 ox
1202 3486 1353 3543 Occidente
1371 3488 1408 3543 ad
1426 3504 1455 3543 se
1474 3485 1580 3542 adlata.
1611 3484 1832 3544 Constitutiones

384 3577 451 3629 sunt
468 3572 543 3628 aliae
561 3572 758 3640 occidentales,
776 3573 928 3630 orientales
941 3573 975 3639 (3.
988 3571 1016 3641 8)
1029 3571 1114 3635 aliae;
1133 3571 1315 3628 nihilomiuus
1333 3573 1462 3645 syllogen
1474 3573 1623 3628 formatam
1641 3589 1700 3628 esse
1714 3576 1835 3642 apparet

384 3659 414 3713 in
431 3658 561 3729 partibus
574 3659 735 3715 Occidentis
740 3682 747 3724 ;
765 3664 859 3716 utrum
876 3660 906 3713 iu
918 3658 1013 3712 Gallia
1030 3674 1067 3711 an
1085 3656 1115 3711 in
1129 3658 1232 3723 Africa,
1252 3662 1331 3713 certo
1350 3659 1442 3715 decidi
1460 3676 1515 3714 non
1532 3663 1635 3729 potest
1666 3658 1713 3713 Illi
1731 3658 1835 3729 origini

385 3744 464 3801 favet
482 3744 647 3801 constitutio
664 3749 744 3801 sexta
762 3746 792 3799 in
810 3746 864 3800 hoc
882 3761 996 3814 corpore
1014 3741 1151 3814 iuscripta
1169 3745 1313 3814 praefecto
1325 3744 1469 3815 praetorio
1482 3743 1645 3809 Gallianum,
1664 3761 1726 3799 cum
1745 3761 1836 3799 exem·

385 3833 495 3902 plorum
518 3832 634 3886 duorum
651 3831 811 3902 fragmenta
829 3830 1023 3886 Theodosiano
1043 3829 1083 3894 16,
1097 3831 1121 3893 2,
1134 3830 1176 3885 47.
1197 3832 1236 3896 16,
1250 3832 1274 3896 5,
1288 3832 1329 3886 62.
1342 3833 1378 3887 64
1402 3832 1508 3887 inserta
1525 3830 1663 3901 inscripta
1680 3830 1738 3885 sint
1756 3849 1835 3902 prae-

385 3919 460 3974 fecto
479 3918 542 3972 urbi
560 3921 589 3973 et
608 3917 705 3973 comIti
722 3915 764 3971 rei
781 3916 922 3988 privatae,
944 3914 1022 3979 huic,
1042 3917 1116 3984 quod
1134 3917 1172 3971 ad
1190 3917 1405 3973 constitutiones
1423 3918 1492 3972 duas
1510 3921 1641 3986 quartam
1658 3920 1688 3972 et
1706 3916 1835 3973 duodeci-

385 4022 459 4059 mam
478 4004 645 4060 adnotatum
663 4005 706 4057 est
725 4002 818 4059 venire
835 4019 883 4057 eas
901 4020 935 4057 ex
952 4001 1087 4071 exemplis
1105 4003 1258 4073 propositis
1277 4003 1463 4072 Karthagine.

473 4090 607 4162 Syllogen
620 4089 845 4144 sirmondianam
858 4088 902 4143 vel
921 4088 958 4142 ad
976 4105 1038 4144 eam
1050 4089 1253 4160 pertinentium
1271 4088 1504 4146 constitutionum
1523 4088 1633 4157 aliquot
1646 4091 1690 4144 vel
1709 4089 1835 4159 aliquam

386 4177 522 4234 exhibent
539 4176 648 4231 codices
665 4176 714 4244 qui
732 4178 895 4243 sequuntur.

332 4276 358 4327 Ζ
475 4262 661 4317 Berolineusis
683 4260 908 4331 Phillippsianus
926 4260 993 4315 1745
1017 4259 1099 4328 (Ruso
1122 4280 1149 4315 n.
1166 4261 1212 4325 83;
1240 4262 1274 4316 cf.
1292 4262 1421 4317 Maasseu
1440 4262 1553 4330 Quen
1572 4264 1594 4325 l,
1607 4263 1682 4330 775),
1704 4261 1833 4328 nobisZ,

385 4367 457 4406 saec.
470 4349 613 4418 VIIJVIII,
637 4347 790 4416 aliquando
812 4350 886 4403 teste
908 4347 1055 4402 Sirmondo
1072 4347 1276 4417 ‘langdunensis
1299 4347 1434 4404 ecclesiae
1456 4346 1709 4418 metropoIItanae’,
1732 4348 1832 4404 deiude

386 4437 617 4493 Claromontanus
634 4434 694 4488 sive
712 4433 863 4498 Sirmondi,
887 4433 963 4488 solus
985 4433 1144 4488 uniuersam
1165 4433 1295 4506 syllogen
1312 4433 1545 4489 constitutionum
1562 4434 1684 4491 sedecim
1700 4435 1833 4490 servavit

384 4522 499 4593 Sylloge
517 4537 686 4591 quamquam
705 4523 734 4575 et
751 4519 837 4574 titulo
855 4516 968 4588 proprio
987 4521 1017 4573 et
1035 4509 1241 4590 subscriptione
1260 4522 1350 4584 caret,
1375 4519 1486 4576 videtur
1504 4519 1615 4591 integra
1637 4520 1667 4574 in
1686 4520 1739 4575 hoc
1761 4520 1833 4576 libro

386 4608 534 4671 contineri,
553 4624 643 4675 neque
662 4605 734 4660 enim
748 4603 900 4674 quicquam
919 4603 959 4658 ibi
978 4604 1057 4660 deest
1074 4608 1132 4658 tarn
1152 4622 1170 4659 a
1187 4605 1328 4675 principio
1346 4622 1431 4674 quam
1449 4606 1479 4660 in
1497 4606 1562 4669 fine;
1580 4605 1752 4676 praecedunt
1770 4624 1832 4661 con·

386 4694 453 4751 cilia
471 4693 583 4747 Gallica
600 4692 714 4760 aliaque
732 4689 926 4747 ecclesiastica
947 4691 1024 4759 apud
1043 4689 1159 4746 Rosium
1177 4690 1330 4761 diligenter
1347 4691 1498 4759 recensita,
1523 4696 1679 4760 sequuntur
1700 4696 1833 4762 excerpta

386 4797 420 4835 ex
438 4779 533 4834 codice
554 4777 759 4845 Theodosiano,
778 4777 812 4833 de
830 4776 932 4845 quibus
950 4794 1035 4845 supra
1053 4779 1090 4846 (p.
1105 4777 1192 4839 LXII)
1211 4777 1330 4848 egimus,
1354 4776 1456 4846 quibus
1474 4796 1537 4832 cum
1555 4778 1608 4832 hac
1626 4777 1736 4849 sylloge
1753 4778 1833 4833 nulla

385 4865 542 4920 communio
561 4865 756 4919 videturesse

253 4960 352 5015 nm
474 4951 572 5005 Florus
585 4951 720 5006 ecclesiae
733 4949 925 5020 Lugdunensis
937 4949 1071 5003 (11666666
1089 4950 1245 5021 imperante
1258 4950 1399 5005 Ludovico
1417 4950 1466 5020 pio
1484 4966 1538 5003 non
1557 4948 1692 5020 ignobilis
1704 4952 1833 5022 (egerunt

385 5037 420 5093 de
438 5054 471 5092 eo
490 5036 644 5106 diligenter
656 5034 777 5089 Macrini
795 5035 857 5088 lust.
869 5035 919 5088 litt.
938 5033 971 5087 de
989 5034 1016 5087 16
1035 5035 1143 5089 Francc
1160 5035 1244 5089 volt
1262 5035 1353 5106 [1740]
1372 5054 1399 5105 p.
1412 5035 1542 5104 213seq.)
1561 5038 1658 5090 contra
1672 5036 1833 5091 Modoinum

384 5123 662 5192 Augustodunensem
681 5122 842 5192 episcopum
861 5124 891 5175 et
908 5137 1020 5174 carmen
1039 5119 1142 5175 direxit
1160 5120 1268 5175 editum
1285 5121 1361 5192 apud
1374 5121 1570 5176 Mabillonium
1588 5123 1642 5175 vet
1655 5121 1730 5176 anal.
1744 5122 1833 5190 (1723)

381 5226 409 5278 p.
426 5209 478 5263 414
500 5211 529 5263 et
552 5207 781 5263 commentarium
805 5205 974 5277 composuit,
1002 5205 1081 5261 culus
1103 5207 1172 5261 duas
1194 5207 1329 5263 habemus
1352 5208 1503 5277 epitomas,
1526 5208 1645 5264 alteram
1669 5207 1776 5262 editam
1798 5226 1833 5264 ex

381 5293 487 5349 ‘codice
509 5293 601 5348 sancti
619 5292 739 5347 Mariani
758 5292 908 5349 Autissiod.
926 5309 950 5347 o.
968 5291 1006 5362 p.’
1023 5293 1098 5363 apud
1117 5292 1255 5361 d'Achery
1275 5293 1365 5362 spicil.
1385 5294 1499 5348 tom.12
1518 5293 1607 5361 (1675)
1630 5312 1657 5363 p.
1670 5293 1704 5347 48
1714 5311 1771 5362 seq.
1790 5294 1832 5347 in·

381 5378 517 5450 scriptam
534 5379 598 5434 lucc
615 5396 632 5431 α
650 5377 747 5434 dorm
764 5380 852 5434 Floro
869 5379 926 5433 uiso
940 5377 1075 5447 prudenti
1091 5378 1195 5432 wllccta
1213 5384 1277 5431 aaut
1297 5394 1330 5432 ec
1351 5380 1405 5446 lece
1425 5385 1449 5432 et
1465 5394 1568 5433 cauom
1589 5382 1749 5435 enarratam
1767 5378 1831 5433 dili·
