4517 6125
1056 591 1090 603 —
1125 556 1202 618 xcu
1237 589 1270 603 -·

439 715 557 774 Hiatum
580 716 686 774 codicis
703 714 898 789 Eporediensis
918 718 958 784 16,
968 719 992 784 5,
1002 717 1055 785 3,3
1077 736 1248 788 quemquem
1265 718 1293 774 L
1315 720 1424 791 explet,
1451 719 1569 775 fortusse
1591 715 1659 774 huic
1676 735 1787 790 quoque
1811 718 1885 775 libro

440 804 538 875 alique
557 803 689 877 coguatio
707 803 857 861 intercedit
875 822 937 861 cum
952 805 987 860 iis
1004 805 1039 860 de
1057 804 1160 875 quibus
1178 807 1260 861 modo
1279 805 1399 878 egimus
1423 812 1498 862 certe
1519 806 1684 871 le,11,1,2,
1708 805 1758 862 ubi
1780 808 1887 876 aptiore

440 897 470 948 et
488 893 597 965 integer
615 895 702 950 codex
719 896 748 950 et
768 892 935 949 breviarium
948 892 1062 957 hebent,
1081 892 1205 947 iudicare
1221 892 1397 949 substituunt
1415 892 1481 948 libri
1500 893 1584 959 eneti,
1603 892 1632 947 in
1645 893 1672 947 L
1689 892 1886 964 dittographie

441 984 485 1036 est
502 981 605 1050 aptiore
622 980 753 1037 iudicare.

203 1147 310 1209 ress
331 1146 440 1208 runs
527 1136 602 1192 xvi.
630 1136 739 1203 rene.
760 1136 887 1203 iens.

528 1222 749 1280 Constitutiones
764 1224 837 1280 duce
855 1225 900 1278 1.4
918 1241 952 1279 ne
965 1223 1156 1280 Christianum
1174 1223 1345 1295 mancipium
1359 1225 1411 1289 (16,
1421 1225 1448 1294 9)
1468 1229 1497 1280 et
1514 1222 1560 1279 1.3
1578 1224 1612 1280 de
1630 1224 1765 1296 religione
1778 1224 1887 1293 (1611)

441 1309 544 1365 adsunt
561 1310 591 1364 in
609 1309 752 1366 codicibus
768 1309 903 1367 breviarii
919 1311 1023 1382 integri
1035 1310 1229 1367 Aurelianensi
1241 1312 1293 1382 (K)
1307 1315 1336 1367 et
1349 1311 1478 1367 Gethone
1489 1311 1543 1382 (θ)
1560 1316 1589 1367 et
1600 1310 1782 1381 Eporediensi
1799 1310 1887 1367 etiem

441 1397 470 1453 in
493 1401 575 1466 perte
597 1414 631 1453 es
655 1414 727 1466 quoe
749 1396 919 1454 breviarium
939 1396 1032 1453 reddit
1050 1397 1141 1468 ([E]),
1165 1398 1241 1468 prior
1258 1398 1286 1452 in
1310 1398 1488 1469 Lugdunensi
1504 1397 1565 1466 (Q),
1588 1397 1726 1468 posterior
1742 1397 1772 1451 in
1790 1396 1887 1469 Legio·

440 1484 519 1540 nenei
537 1483 605 1553 (H);
623 1486 770 1553 praetereo
788 1488 907 1553 utreque
925 1488 968 1538 est
986 1483 1015 1537 in
1032 1483 1188 1539 decurtatis
1204 1484 1295 1540 tribue
1313 1484 1348 1538 iis
1365 1484 1447 1554 ipsis,
1465 1484 1514 1552 qui
1533 1484 1639 1540 hebent
1657 1483 1887 1538 constitutionem

440 1569 541 1637 3‚1e,1
561 1570 693 1626 Beroensi
709 1569 772 1637 263,
797 1569 923 1625 Parisino
939 1569 1021 1636 4409,
1041 1568 1180 1624 Vaticano
1198 1570 1311 1642 regines
1330 1571 1410 1635 1648,
1431 1570 1568 1640 posterior
1589 1569 1659 1625 item
1681 1566 1710 1622 in
1732 1567 1888 1624 decurtatis

440 1655 574 1712 Perisinis
590 1658 667 1711 4414.
684 1657 761 1711 4415.
