<?xml version="1.0" encoding="UTF-8"?>
<!DOCTYPE html PUBLIC "-//W3C//DTD XHTML 1.0 Transitional//EN"
    "http://www.w3.org/TR/xhtml1/DTD/xhtml1-transitional.dtd">
<html xmlns="http://www.w3.org/1999/xhtml" xml:lang="en" lang="en">
 <head>
  <title>
</title>
<meta http-equiv="Content-Type" content="text/html;charset=utf-8" />
  <meta name='ocr-system' content='tesseract 3.04.00' />
  <meta name='ocr-capabilities' content='ocr_page ocr_carea ocr_par ocr_line ocrx_word'/>
</head>
<body>
  <div class='ocr_page' id='page_1' title='image "./theodosianilibr00sirmgoog_0360.png"; bbox 0 0 4517 6125; ppageno 0'>
   <div class='ocr_carea' id='block_1_1' title="bbox 217 3256 381 3531">
    <p class='ocr_par' dir='ltr' id='par_1_1' title="bbox 217 3256 381 3531">
     <span class='ocr_line' id='line_1_1' title="bbox 246 3256 351 3308; baseline -0.01 0"><span class='ocrx_word' id='word_1_1' title='bbox 246 3256 351 3308; x_wconf 74' lang='lat' dir='ltr'><strong>Codices</strong></span> 
     </span>
     <span class='ocr_line' id='line_1_2' title="bbox 232 3326 363 3377; baseline -0.015 0"><span class='ocrx_word' id='word_1_2' title='bbox 232 3326 363 3377; x_wconf 77' lang='lat' dir='ltr'><strong>Breviarii</strong></span> 
     </span>
     <span class='ocr_line' id='line_1_3' title="bbox 218 3395 381 3446; baseline -0.012 0"><span class='ocrx_word' id='word_1_3' title='bbox 218 3397 256 3446; x_wconf 79' lang='lat' dir='ltr'><strong>od</strong></span> <span class='ocrx_word' id='word_1_4' title='bbox 272 3395 381 3446; x_wconf 77' lang='lat' dir='ltr'><strong>Italiam</strong></span> 
     </span>
     <span class='ocr_line' id='line_1_4' title="bbox 217 3466 379 3531; baseline -0.012 -14"><span class='ocrx_word' id='word_1_5' title='bbox 217 3466 379 3531; x_wconf 80' lang='lat' dir='ltr'><strong>pertinentes.</strong></span> 
     </span>
    </p>
   </div>
   <div class='ocr_carea' id='block_1_2' title="bbox 999 563 1253 621">
    <p class='ocr_par' dir='ltr' id='par_1_2' title="bbox 999 563 1253 621">
     <span class='ocr_line' id='line_1_5' title="bbox 999 563 1253 621; baseline -0.012 -1"><span class='ocrx_word' id='word_1_6' title='bbox 999 593 1032 604; x_wconf 92' lang='lat'><em>-</em></span> <span class='ocrx_word' id='word_1_7' title='bbox 1067 563 1185 621; x_wconf 81' lang='lat' dir='ltr'><strong>CCCLII</strong></span> <span class='ocrx_word' id='word_1_8' title='bbox 1221 593 1253 605; x_wconf 90' lang='lat'>-</span> 
     </span>
    </p>
   </div>
   <div class='ocr_carea' id='block_1_3' title="bbox 404 718 1853 3220">
    <p class='ocr_par' dir='ltr' id='par_1_3' title="bbox 404 718 1853 3220">
     <span class='ocr_line' id='line_1_6' title="bbox 404 718 1849 795; baseline 0.001 -16"><span class='ocrx_word' id='word_1_9' title='bbox 404 724 454 795; x_wconf 89' lang='lat' dir='ltr'><strong>qni</strong></span> <span class='ocrx_word' id='word_1_10' title='bbox 472 723 501 779; x_wconf 90' lang='lat' dir='ltr'><strong>in</strong></span> <span class='ocrx_word' id='word_1_11' title='bbox 521 724 605 778; x_wconf 89' lang='lat' dir='ltr'><strong>Italia</strong></span> <span class='ocrx_word' id='word_1_12' title='bbox 623 726 748 792; x_wconf 89' lang='lat' dir='ltr'><strong>tempore</strong></span> <span class='ocrx_word' id='word_1_13' title='bbox 767 719 856 791; x_wconf 91' lang='lat' dir='ltr'><strong>patris</strong></span> <span class='ocrx_word' id='word_1_14' title='bbox 874 718 934 775; x_wconf 91' lang='lat' dir='ltr'><strong>eius</strong></span> <span class='ocrx_word' id='word_1_15' title='bbox 952 718 1090 791; x_wconf 89' lang='lat' dir='ltr'><strong>regnavit,</strong></span> <span class='ocrx_word' id='word_1_16' title='bbox 1109 719 1179 774; x_wconf 92' lang='lat' dir='ltr'><strong>mihi</strong></span> <span class='ocrx_word' id='word_1_17' title='bbox 1197 720 1234 774; x_wconf 92' lang='lat' dir='ltr'><strong>ad</strong></span> <span class='ocrx_word' id='word_1_18' title='bbox 1251 720 1413 776; x_wconf 88' lang='lat' dir='ltr'><strong>solvendam</strong></span> <span class='ocrx_word' id='word_1_19' title='bbox 1430 721 1631 791; x_wconf 88' lang='lat' dir='ltr'><strong>quaestionem,</strong></span> <span class='ocrx_word' id='word_1_20' title='bbox 1649 740 1716 778; x_wconf 88' lang='lat' dir='ltr'><strong>num</strong></span> <span class='ocrx_word' id='word_1_21' title='bbox 1733 723 1849 780; x_wconf 88' lang='lat' dir='ltr'><strong>Brevia·</strong></span> 
     </span>
     <span class='ocr_line' id='line_1_7' title="bbox 404 806 1850 880; baseline 0.001 -14"><span class='ocrx_word' id='word_1_22' title='bbox 404 810 477 866; x_wconf 76' lang='lat' dir='ltr'><strong>mum</strong></span> <span class='ocrx_word' id='word_1_23' title='bbox 499 810 529 865; x_wconf 93' lang='lat' dir='ltr'><strong>in</strong></span> <span class='ocrx_word' id='word_1_24' title='bbox 552 810 637 866; x_wconf 90' lang='lat' dir='ltr'><strong>Italia</strong></span> <span class='ocrx_word' id='word_1_25' title='bbox 662 827 713 879; x_wconf 91' lang='lat' dir='ltr'><strong>pro</strong></span> <span class='ocrx_word' id='word_1_26' title='bbox 736 808 799 879; x_wconf 91' lang='lat' dir='ltr'><strong>lege</strong></span> <span class='ocrx_word' id='word_1_27' title='bbox 824 806 921 871; x_wconf 87' lang='lat' dir='ltr'><strong>fuerit,</strong></span> <span class='ocrx_word' id='word_1_28' title='bbox 946 806 1064 871; x_wconf 87' lang='lat' dir='ltr'><strong>nullius,</strong></span> <span class='ocrx_word' id='word_1_29' title='bbox 1089 806 1125 860; x_wconf 86' lang='lat' dir='ltr'><strong>ad</strong></span> <span class='ocrx_word' id='word_1_30' title='bbox 1150 807 1349 876; x_wconf 76' lang='lat' dir='ltr'><strong>explorandam</strong></span> <span class='ocrx_word' id='word_1_31' title='bbox 1374 824 1438 863; x_wconf 81' lang='lat' dir='ltr'><strong>vero</strong></span> <span class='ocrx_word' id='word_1_32' title='bbox 1461 808 1597 880; x_wconf 77' lang='lat' dir='ltr'><strong>originem</strong></span> <span class='ocrx_word' id='word_1_33' title='bbox 1619 810 1743 866; x_wconf 88' lang='lat' dir='ltr'><strong>auctoris</strong></span> <span class='ocrx_word' id='word_1_34' title='bbox 1764 811 1850 867; x_wconf 91' lang='lat' dir='ltr'><strong>huius</strong></span> 
     </span>
     <span class='ocr_line' id='line_1_8' title="bbox 405 892 1850 969; baseline 0.001 -17"><span class='ocrx_word' id='word_1_35' title='bbox 405 898 514 969; x_wconf 81' lang='lat' dir='ltr'><strong>glossae</strong></span> <span class='ocrx_word' id='word_1_36' title='bbox 538 896 635 967; x_wconf 86' lang='lat' dir='ltr'><strong>magni</strong></span> <span class='ocrx_word' id='word_1_37' title='bbox 655 893 791 949; x_wconf 82' lang='lat' dir='ltr'><strong>momenti</strong></span> <span class='ocrx_word' id='word_1_38' title='bbox 816 911 875 949; x_wconf 88' lang='lat' dir='ltr'><strong>esse</strong></span> <span class='ocrx_word' id='word_1_39' title='bbox 899 892 1017 948; x_wconf 86' lang='lat' dir='ltr'><strong>videtur.</strong></span> <span class='ocrx_word' id='word_1_40' title='bbox 1053 892 1163 948; x_wconf 84' lang='lat' dir='ltr'><strong>Resisto</strong></span> <span class='ocrx_word' id='word_1_41' title='bbox 1187 893 1415 964; x_wconf 74' lang='lat' dir='ltr'><strong>interpretationi</strong></span> <span class='ocrx_word' id='word_1_42' title='bbox 1440 894 1547 951; x_wconf 89' lang='lat' dir='ltr'><strong>decimo</strong></span> <span class='ocrx_word' id='word_1_43' title='bbox 1571 896 1684 952; x_wconf 86' lang='lat' dir='ltr'><strong>saeculo</strong></span> <span class='ocrx_word' id='word_1_44' title='bbox 1708 895 1738 952; x_wconf 91' lang='lat' dir='ltr'><strong>in</strong></span> <span class='ocrx_word' id='word_1_45' title='bbox 1762 897 1850 954; x_wconf 84' lang='lat' dir='ltr'><strong>Italia</strong></span> 
     </span>
     <span class='ocr_line' id='line_1_9' title="bbox 405 979 1849 1055; baseline -0.001 -15"><span class='ocrx_word' id='word_1_46' title='bbox 405 985 565 1055; x_wconf 83' lang='lat' dir='ltr'><strong>opinionem</strong></span> <span class='ocrx_word' id='word_1_47' title='bbox 592 982 677 1038; x_wconf 82' lang='lat' dir='ltr'><strong>luisse</strong></span> <span class='ocrx_word' id='word_1_48' title='bbox 700 981 876 1036; x_wconf 86' lang='lat' dir='ltr'><strong>Breviarium</strong></span> <span class='ocrx_word' id='word_1_49' title='bbox 903 997 937 1034; x_wconf 89' lang='lat' dir='ltr'><strong>ex</strong></span> <span class='ocrx_word' id='word_1_50' title='bbox 963 979 1138 1035; x_wconf 87' lang='lat' dir='ltr'><strong>ordinatione</strong></span> <span class='ocrx_word' id='word_1_51' title='bbox 1164 979 1257 1035; x_wconf 82' lang='lat' dir='ltr'><strong>Caroli</strong></span> <span class='ocrx_word' id='word_1_52' title='bbox 1281 979 1309 1034; x_wconf 92' lang='lat' dir='ltr'><strong>in</strong></span> <span class='ocrx_word' id='word_1_53' title='bbox 1335 980 1502 1050; x_wconf 85' lang='lat' dir='ltr'><strong>quibusdam</strong></span> <span class='ocrx_word' id='word_1_54' title='bbox 1527 981 1629 1039; x_wconf 91' lang='lat' dir='ltr'><strong>Italiae</strong></span> <span class='ocrx_word' id='word_1_55' title='bbox 1653 983 1793 1053; x_wconf 89' lang='lat' dir='ltr'><strong>partibus,</strong></span> <span class='ocrx_word' id='word_1_56' title='bbox 1819 984 1849 1039; x_wconf 89' lang='lat' dir='ltr'><strong>in</strong></span> 
     </span>
     <span class='ocr_line' id='line_1_10' title="bbox 405 1065 1850 1141; baseline 0.001 -16"><span class='ocrx_word' id='word_1_57' title='bbox 405 1070 508 1140; x_wconf 90' lang='lat' dir='ltr'><strong>quibus</strong></span> <span class='ocrx_word' id='word_1_58' title='bbox 526 1071 569 1124; x_wconf 91' lang='lat' dir='ltr'><strong>ius</strong></span> <span class='ocrx_word' id='word_1_59' title='bbox 581 1069 736 1125; x_wconf 57' lang='lat' dir='ltr'><strong>&amp;manum</strong></span> <span class='ocrx_word' id='word_1_60' title='bbox 754 1066 798 1122; x_wconf 91' lang='lat' dir='ltr'><strong>ins</strong></span> <span class='ocrx_word' id='word_1_61' title='bbox 810 1067 885 1136; x_wconf 88' lang='lat' dir='ltr'><strong>quod</strong></span> <span class='ocrx_word' id='word_1_62' title='bbox 903 1065 1009 1121; x_wconf 89' lang='lat' dir='ltr'><strong>dicitur</strong></span> <span class='ocrx_word' id='word_1_63' title='bbox 1026 1069 1117 1120; x_wconf 90' lang='lat' dir='ltr'><strong>terrae</strong></span> <span class='ocrx_word' id='word_1_64' title='bbox 1135 1065 1198 1131; x_wconf 86' lang='lat' dir='ltr'><strong>fuit,</strong></span> <span class='ocrx_word' id='word_1_65' title='bbox 1217 1065 1289 1137; x_wconf 88' lang='lat' dir='ltr'><strong>legis</strong></span> <span class='ocrx_word' id='word_1_66' title='bbox 1302 1065 1397 1136; x_wconf 90' lang='lat' dir='ltr'><strong>vigore</strong></span> <span class='ocrx_word' id='word_1_67' title='bbox 1416 1070 1543 1123; x_wconf 87' lang='lat' dir='ltr'><strong>ornatum</strong></span> <span class='ocrx_word' id='word_1_68' title='bbox 1557 1067 1642 1126; x_wconf 84' lang='lat' dir='ltr'><strong>fuisse</strong></span> <span class='ocrx_word' id='word_1_69' title='bbox 1650 1074 1671 1141; x_wconf 85' lang='lat'><strong>¹)</strong></span> <span class='ocrx_word' id='word_1_70' title='bbox 1684 1072 1730 1127; x_wconf 89' lang='lat' dir='ltr'><strong>vel</strong></span> <span class='ocrx_word' id='word_1_71' title='bbox 1747 1072 1850 1128; x_wconf 88' lang='lat' dir='ltr'><strong>saltem</strong></span> 
     </span>
     <span class='ocr_line' id='line_1_11' title="bbox 406 1152 1849 1226; baseline 0.001 -14"><span class='ocrx_word' id='word_1_72' title='bbox 406 1158 538 1214; x_wconf 88' lang='lat' dir='ltr'><strong>Romanis</strong></span> <span class='ocrx_word' id='word_1_73' title='bbox 555 1176 588 1212; x_wconf 91' lang='lat' dir='ltr'><strong>ex</strong></span> <span class='ocrx_word' id='word_1_74' title='bbox 606 1155 702 1212; x_wconf 80' lang='lat' dir='ltr'><strong>Gallia</strong></span> <span class='ocrx_word' id='word_1_75' title='bbox 723 1154 803 1220; x_wconf 87' lang='lat' dir='ltr'><strong>ortis,</strong></span> <span class='ocrx_word' id='word_1_76' title='bbox 828 1153 878 1223; x_wconf 91' lang='lat' dir='ltr'><strong>qui</strong></span> <span class='ocrx_word' id='word_1_77' title='bbox 899 1153 929 1208; x_wconf 90' lang='lat' dir='ltr'><strong>in</strong></span> <span class='ocrx_word' id='word_1_78' title='bbox 950 1153 1036 1208; x_wconf 87' lang='lat' dir='ltr'><strong>Italia</strong></span> <span class='ocrx_word' id='word_1_79' title='bbox 1057 1152 1227 1208; x_wconf 88' lang='lat' dir='ltr'><strong>babitabant</strong></span> <span class='ocrx_word' id='word_1_80' title='bbox 1249 1155 1293 1209; x_wconf 92' lang='lat' dir='ltr'><strong>vel</strong></span> <span class='ocrx_word' id='word_1_81' title='bbox 1317 1154 1353 1209; x_wconf 91' lang='lat' dir='ltr'><strong>ad</strong></span> <span class='ocrx_word' id='word_1_82' title='bbox 1374 1157 1485 1226; x_wconf 90' lang='lat' dir='ltr'><strong>tempus</strong></span> <span class='ocrx_word' id='word_1_83' title='bbox 1506 1157 1617 1212; x_wconf 91' lang='lat' dir='ltr'><strong>tantum</strong></span> <span class='ocrx_word' id='word_1_84' title='bbox 1639 1158 1680 1214; x_wconf 89' lang='lat' dir='ltr'><strong>ibi</strong></span> <span class='ocrx_word' id='word_1_85' title='bbox 1698 1176 1849 1214; x_wconf 85' lang='lat' dir='ltr'><strong>commora-</strong></span> 
     </span>
     <span class='ocr_line' id='line_1_12' title="bbox 405 1237 1850 1315; baseline 0.001 -15"><span class='ocrx_word' id='word_1_86' title='bbox 405 1247 516 1309; x_wconf 90' lang='lat' dir='ltr'><strong>bantur,</strong></span> <span class='ocrx_word' id='word_1_87' title='bbox 535 1245 563 1298; x_wconf 92' lang='lat' dir='ltr'><strong>in</strong></span> <span class='ocrx_word' id='word_1_88' title='bbox 581 1243 639 1298; x_wconf 92' lang='lat' dir='ltr'><strong>illis</strong></span> <span class='ocrx_word' id='word_1_89' title='bbox 657 1242 755 1305; x_wconf 88' lang='lat' dir='ltr'><strong>causis,</strong></span> <span class='ocrx_word' id='word_1_90' title='bbox 773 1240 802 1295; x_wconf 91' lang='lat' dir='ltr'><strong>in</strong></span> <span class='ocrx_word' id='word_1_91' title='bbox 822 1240 925 1310; x_wconf 90' lang='lat' dir='ltr'><strong>quibus</strong></span> <span class='ocrx_word' id='word_1_92' title='bbox 943 1240 988 1294; x_wconf 87' lang='lat' dir='ltr'><strong>lex</strong></span> <span class='ocrx_word' id='word_1_93' title='bbox 1007 1237 1124 1310; x_wconf 86' lang='lat' dir='ltr'><strong>originis</strong></span> <span class='ocrx_word' id='word_1_94' title='bbox 1142 1239 1303 1295; x_wconf 89' lang='lat' dir='ltr'><strong>adhibenda</strong></span> <span class='ocrx_word' id='word_1_95' title='bbox 1321 1243 1390 1306; x_wconf 89' lang='lat' dir='ltr'><strong>erat,</strong></span> <span class='ocrx_word' id='word_1_96' title='bbox 1408 1241 1564 1313; x_wconf 88' lang='lat' dir='ltr'><strong>promiscue</strong></span> <span class='ocrx_word' id='word_1_97' title='bbox 1582 1245 1714 1315; x_wconf 89' lang='lat' dir='ltr'><strong>prolege</strong></span> <span class='ocrx_word' id='word_1_98' title='bbox 1731 1245 1850 1313; x_wconf 63' lang='lat' dir='ltr'><strong>neser)</strong></span> 
     </span>
     <span class='ocr_line' id='line_1_13' title="bbox 406 1324 1850 1400; baseline 0 -15"><span class='ocrx_word' id='word_1_99' title='bbox 406 1333 451 1387; x_wconf 90' lang='lat' dir='ltr'><strong>Ius</strong></span> <span class='ocrx_word' id='word_1_100' title='bbox 469 1331 624 1386; x_wconf 88' lang='lat' dir='ltr'><strong>Romanum</strong></span> <span class='ocrx_word' id='word_1_101' title='bbox 642 1329 683 1384; x_wconf 93' lang='lat' dir='ltr'><strong>ibi</strong></span> <span class='ocrx_word' id='word_1_102' title='bbox 701 1326 893 1384; x_wconf 81' lang='lat' dir='ltr'><strong>aedificatione</strong></span> <span class='ocrx_word' id='word_1_103' title='bbox 913 1324 1062 1381; x_wconf 81' lang='lat' dir='ltr'><strong>Iustiniani</strong></span> <span class='ocrx_word' id='word_1_104' title='bbox 1081 1325 1180 1380; x_wconf 90' lang='lat' dir='ltr'><strong>aliisve</strong></span> <span class='ocrx_word' id='word_1_105' title='bbox 1199 1327 1330 1396; x_wconf 87' lang='lat' dir='ltr'><strong>operibus</strong></span> <span class='ocrx_word' id='word_1_106' title='bbox 1351 1344 1385 1384; x_wconf 87' lang='lat' dir='ltr'><strong>ex</strong></span> <span class='ocrx_word' id='word_1_107' title='bbox 1401 1329 1497 1385; x_wconf 88' lang='lat' dir='ltr'><strong>eadem</strong></span> <span class='ocrx_word' id='word_1_108' title='bbox 1517 1328 1679 1400; x_wconf 87' lang='lat' dir='ltr'><strong>compilatis</strong></span> <span class='ocrx_word' id='word_1_109' title='bbox 1696 1331 1850 1395; x_wconf 78' lang='lat' dir='ltr'><strong>nitebatur,</strong></span> 
     </span>
     <span class='ocr_line' id='line_1_14' title="bbox 405 1413 1851 1487; baseline 0.001 -15"><span class='ocrx_word' id='word_1_110' title='bbox 405 1418 454 1474; x_wconf 89' lang='lat' dir='ltr'><strong>sed</strong></span> <span class='ocrx_word' id='word_1_111' title='bbox 477 1417 642 1487; x_wconf 89' lang='lat' dir='ltr'><strong>praesertim</strong></span> <span class='ocrx_word' id='word_1_112' title='bbox 666 1416 694 1470; x_wconf 91' lang='lat' dir='ltr'><strong>in</strong></span> <span class='ocrx_word' id='word_1_113' title='bbox 717 1414 846 1485; x_wconf 89' lang='lat' dir='ltr'><strong>partibus</strong></span> <span class='ocrx_word' id='word_1_114' title='bbox 871 1414 951 1485; x_wconf 88' lang='lat' dir='ltr'><strong>regni</strong></span> <span class='ocrx_word' id='word_1_115' title='bbox 974 1413 1181 1484; x_wconf 90' lang='lat' dir='ltr'><strong>Langobardici</strong></span> <span class='ocrx_word' id='word_1_116' title='bbox 1209 1431 1243 1469; x_wconf 84' lang='lat' dir='ltr'><strong>ex</strong></span> <span class='ocrx_word' id='word_1_117' title='bbox 1266 1414 1438 1485; x_wconf 86' lang='lat' dir='ltr'><strong>temporibus</strong></span> <span class='ocrx_word' id='word_1_118' title='bbox 1465 1416 1528 1472; x_wconf 86' lang='lat' dir='ltr'><strong>aevi</strong></span> <span class='ocrx_word' id='word_1_119' title='bbox 1550 1417 1677 1472; x_wconf 86' lang='lat' dir='ltr'><strong>Karolini</strong></span> <span class='ocrx_word' id='word_1_120' title='bbox 1703 1417 1851 1474; x_wconf 88' lang='lat' dir='ltr'><strong>elementis</strong></span> 
     </span>
     <span class='ocr_line' id='line_1_15' title="bbox 407 1498 1850 1574; baseline 0.001 -14"><span class='ocrx_word' id='word_1_121' title='bbox 407 1504 634 1560; x_wconf 82' lang='lat' dir='ltr'><strong>Germanicarum</strong></span> <span class='ocrx_word' id='word_1_122' title='bbox 656 1503 749 1574; x_wconf 86' lang='lat' dir='ltr'><strong>legum</strong></span> <span class='ocrx_word' id='word_1_123' title='bbox 775 1499 981 1570; x_wconf 85' lang='lat' dir='ltr'><strong>aliquantulum</strong></span> <span class='ocrx_word' id='word_1_124' title='bbox 1001 1498 1204 1555; x_wconf 76' lang='lat' dir='ltr'><strong>immutabatur</strong></span> <span class='ocrx_word' id='word_1_125' title='bbox 1224 1503 1254 1555; x_wconf 91' lang='lat' dir='ltr'><strong>et</strong></span> <span class='ocrx_word' id='word_1_126' title='bbox 1276 1501 1382 1556; x_wconf 89' lang='lat' dir='ltr'><strong>indices</strong></span> <span class='ocrx_word' id='word_1_127' title='bbox 1400 1501 1494 1556; x_wconf 83' lang='lat' dir='ltr'><strong>Italici</strong></span> <span class='ocrx_word' id='word_1_128' title='bbox 1516 1502 1575 1558; x_wconf 90' lang='lat' dir='ltr'><strong>iure</strong></span> <span class='ocrx_word' id='word_1_129' title='bbox 1592 1504 1705 1572; x_wconf 89' lang='lat' dir='ltr'><strong>quidem</strong></span> <span class='ocrx_word' id='word_1_130' title='bbox 1724 1504 1850 1561; x_wconf 83' lang='lat' dir='ltr'><strong>Romano</strong></span> 
     </span>
     <span class='ocr_line' id='line_1_16' title="bbox 406 1585 1851 1661; baseline 0.002 -17"><span class='ocrx_word' id='word_1_131' title='bbox 406 1589 562 1646; x_wconf 89' lang='lat' dir='ltr'><strong>iudicantes</strong></span> <span class='ocrx_word' id='word_1_132' title='bbox 584 1590 706 1660; x_wconf 88' lang='lat' dir='ltr'><strong>impigro</strong></span> <span class='ocrx_word' id='word_1_133' title='bbox 729 1607 779 1643; x_wconf 90' lang='lat' dir='ltr'><strong>usn</strong></span> <span class='ocrx_word' id='word_1_134' title='bbox 805 1586 1024 1655; x_wconf 90' lang='lat' dir='ltr'><strong>commercioque</strong></span> <span class='ocrx_word' id='word_1_135' title='bbox 1048 1585 1121 1642; x_wconf 90' lang='lat' dir='ltr'><strong>inter</strong></span> <span class='ocrx_word' id='word_1_136' title='bbox 1140 1587 1287 1641; x_wconf 80' lang='lat' dir='ltr'><strong>Franciam</strong></span> <span class='ocrx_word' id='word_1_137' title='bbox 1304 1591 1334 1642; x_wconf 89' lang='lat' dir='ltr'><strong>et</strong></span> <span class='ocrx_word' id='word_1_138' title='bbox 1352 1588 1465 1644; x_wconf 89' lang='lat' dir='ltr'><strong>Italiam</strong></span> <span class='ocrx_word' id='word_1_139' title='bbox 1483 1588 1673 1647; x_wconf 78' lang='lat' dir='ltr'><strong>intercedente</strong></span> <span class='ocrx_word' id='word_1_140' title='bbox 1691 1592 1851 1661; x_wconf 80' lang='lat' dir='ltr'><strong>fragmenta</strong></span> 
     </span>
     <span class='ocr_line' id='line_1_17' title="bbox 406 1672 1851 1745; baseline 0.001 -14"><span class='ocrx_word' id='word_1_141' title='bbox 406 1676 542 1732; x_wconf 90' lang='lat' dir='ltr'><strong>Breviarii</strong></span> <span class='ocrx_word' id='word_1_142' title='bbox 568 1676 683 1745; x_wconf 90' lang='lat' dir='ltr'><strong>eiusque</strong></span> <span class='ocrx_word' id='word_1_143' title='bbox 709 1672 974 1745; x_wconf 85' lang='lat' dir='ltr'><strong>interpretationum</strong></span> <span class='ocrx_word' id='word_1_144' title='bbox 1001 1684 1031 1728; x_wconf 87' lang='lat' dir='ltr'><strong>et</strong></span> <span class='ocrx_word' id='word_1_145' title='bbox 1057 1672 1257 1743; x_wconf 88' lang='lat' dir='ltr'><strong>epitomarum,</strong></span> <span class='ocrx_word' id='word_1_146' title='bbox 1284 1674 1387 1743; x_wconf 91' lang='lat' dir='ltr'><strong>quibus</strong></span> <span class='ocrx_word' id='word_1_147' title='bbox 1413 1674 1532 1731; x_wconf 85' lang='lat' dir='ltr'><strong>Romani</strong></span> <span class='ocrx_word' id='word_1_148' title='bbox 1555 1676 1631 1732; x_wconf 85' lang='lat' dir='ltr'><strong>ultra</strong></span> <span class='ocrx_word' id='word_1_149' title='bbox 1654 1677 1722 1733; x_wconf 86' lang='lat' dir='ltr'><strong>fines</strong></span> <span class='ocrx_word' id='word_1_150' title='bbox 1749 1677 1851 1733; x_wconf 85' lang='lat' dir='ltr'><strong>Italiae</strong></span> 
     </span>
     <span class='ocr_line' id='line_1_18' title="bbox 407 1760 1852 1832; baseline 0.003 -16"><span class='ocrx_word' id='word_1_151' title='bbox 407 1763 553 1828; x_wconf 86' lang='lat' dir='ltr'><strong>vivebant,</strong></span> <span class='ocrx_word' id='word_1_152' title='bbox 576 1763 623 1819; x_wconf 92' lang='lat' dir='ltr'><strong>hic</strong></span> <span class='ocrx_word' id='word_1_153' title='bbox 645 1763 762 1832; x_wconf 90' lang='lat' dir='ltr'><strong>illicque</strong></span> <span class='ocrx_word' id='word_1_154' title='bbox 785 1760 933 1816; x_wconf 89' lang='lat' dir='ltr'><strong>memoriae</strong></span> <span class='ocrx_word' id='word_1_155' title='bbox 956 1760 1137 1815; x_wconf 89' lang='lat' dir='ltr'><strong>mandabant.</strong></span> <span class='ocrx_word' id='word_1_156' title='bbox 1174 1761 1213 1814; x_wconf 93' lang='lat' dir='ltr'><strong>Ut</strong></span> <span class='ocrx_word' id='word_1_157' title='bbox 1234 1760 1307 1816; x_wconf 83' lang='lat' dir='ltr'><strong>infra</strong></span> <span class='ocrx_word' id='word_1_158' title='bbox 1330 1762 1503 1826; x_wconf 87' lang='lat' dir='ltr'><strong>ostendetur,</strong></span> <span class='ocrx_word' id='word_1_159' title='bbox 1527 1781 1580 1819; x_wconf 91' lang='lat' dir='ltr'><strong>non</strong></span> <span class='ocrx_word' id='word_1_160' title='bbox 1605 1764 1694 1819; x_wconf 89' lang='lat' dir='ltr'><strong>solum</strong></span> <span class='ocrx_word' id='word_1_161' title='bbox 1712 1764 1852 1820; x_wconf 89' lang='lat' dir='ltr'><strong>Breviarii</strong></span> 
     </span>
     <span class='ocr_line' id='line_1_19' title="bbox 406 1845 1852 1922; baseline 0.002 -17"><span class='ocrx_word' id='word_1_162' title='bbox 406 1850 516 1906; x_wconf 88' lang='lat' dir='ltr'><strong>codices</strong></span> <span class='ocrx_word' id='word_1_163' title='bbox 539 1851 568 1905; x_wconf 92' lang='lat' dir='ltr'><strong>in</strong></span> <span class='ocrx_word' id='word_1_164' title='bbox 587 1849 672 1905; x_wconf 91' lang='lat' dir='ltr'><strong>Italia</strong></span> <span class='ocrx_word' id='word_1_165' title='bbox 692 1847 881 1920; x_wconf 89' lang='lat' dir='ltr'><strong>reperiuntur,</strong></span> <span class='ocrx_word' id='word_1_166' title='bbox 905 1847 953 1903; x_wconf 90' lang='lat' dir='ltr'><strong>sed</strong></span> <span class='ocrx_word' id='word_1_167' title='bbox 977 1845 1065 1902; x_wconf 90' lang='lat' dir='ltr'><strong>etiam</strong></span> <span class='ocrx_word' id='word_1_168' title='bbox 1087 1848 1246 1918; x_wconf 85' lang='lat' dir='ltr'><strong>fragmenta</strong></span> <span class='ocrx_word' id='word_1_169' title='bbox 1269 1848 1410 1918; x_wconf 82' lang='lat' dir='ltr'><strong>epitomae</strong></span> <span class='ocrx_word' id='word_1_170' title='bbox 1430 1848 1601 1920; x_wconf 77' lang='lat' dir='ltr'><strong>Aegidianae</strong></span> <span class='ocrx_word' id='word_1_171' title='bbox 1625 1849 1654 1905; x_wconf 92' lang='lat' dir='ltr'><strong>in</strong></span> <span class='ocrx_word' id='word_1_172' title='bbox 1678 1852 1852 1922; x_wconf 86' lang='lat' dir='ltr'><strong>exemplaria</strong></span> 
     </span>
     <span class='ocr_line' id='line_1_20' title="bbox 406 1932 1851 2004; baseline 0.003 -14"><span class='ocrx_word' id='word_1_173' title='bbox 406 1936 510 1992; x_wconf 89' lang='lat' dir='ltr'><strong>codicis</strong></span> <span class='ocrx_word' id='word_1_174' title='bbox 528 1935 677 1992; x_wconf 89' lang='lat' dir='ltr'><strong>Iustiniani</strong></span> <span class='ocrx_word' id='word_1_175' title='bbox 696 1939 725 1991; x_wconf 90' lang='lat' dir='ltr'><strong>st</strong></span> <span class='ocrx_word' id='word_1_176' title='bbox 742 1933 809 1989; x_wconf 90' lang='lat' dir='ltr'><strong>libri</strong></span> <span class='ocrx_word' id='word_1_177' title='bbox 828 1932 974 2004; x_wconf 88' lang='lat' dir='ltr'><strong>Papiensis</strong></span> <span class='ocrx_word' id='word_1_178' title='bbox 992 1932 1164 1989; x_wconf 89' lang='lat' dir='ltr'><strong>transierunt</strong></span> <span class='ocrx_word' id='word_1_179' title='bbox 1180 1934 1371 2003; x_wconf 82' lang='lat' dir='ltr'><strong>formulasque</strong></span> <span class='ocrx_word' id='word_1_180' title='bbox 1389 1933 1449 1990; x_wconf 91' lang='lat' dir='ltr'><strong>inre</strong></span> <span class='ocrx_word' id='word_1_181' title='bbox 1463 1935 1597 1991; x_wconf 90' lang='lat' dir='ltr'><strong>Breviarii</strong></span> <span class='ocrx_word' id='word_1_182' title='bbox 1614 1936 1737 1994; x_wconf 88' lang='lat' dir='ltr'><strong>nitentes</strong></span> <span class='ocrx_word' id='word_1_183' title='bbox 1754 1957 1851 1994; x_wconf 90' lang='lat' dir='ltr'><strong>manu·</strong></span> 
     </span>
     <span class='ocr_line' id='line_1_21' title="bbox 406 2019 1852 2093; baseline 0.004 -17"><span class='ocrx_word' id='word_1_184' title='bbox 406 2022 519 2093; x_wconf 86' lang='lat' dir='ltr'><strong>scriptis</strong></span> <span class='ocrx_word' id='word_1_185' title='bbox 543 2022 651 2078; x_wconf 82' lang='lat' dir='ltr'><strong>Italicis</strong></span> <span class='ocrx_word' id='word_1_186' title='bbox 676 2021 877 2077; x_wconf 87' lang='lat' dir='ltr'><strong>inserebantur.</strong></span> <span class='ocrx_word' id='word_1_187' title='bbox 914 2019 966 2075; x_wconf 87' lang='lat' dir='ltr'><strong>cui</strong></span> <span class='ocrx_word' id='word_1_188' title='bbox 990 2019 1077 2074; x_wconf 88' lang='lat' dir='ltr'><strong>addas</strong></span> <span class='ocrx_word' id='word_1_189' title='bbox 1102 2019 1132 2074; x_wconf 93' lang='lat' dir='ltr'><strong>in</strong></span> <span class='ocrx_word' id='word_1_190' title='bbox 1157 2019 1288 2089; x_wconf 87' lang='lat' dir='ltr'><strong>partibus</strong></span> <span class='ocrx_word' id='word_1_191' title='bbox 1312 2020 1432 2078; x_wconf 84' lang='lat' dir='ltr'><strong>Raetiae</strong></span> <span class='ocrx_word' id='word_1_192' title='bbox 1450 2021 1589 2078; x_wconf 72' lang='lat' dir='ltr'><strong>Curienms</strong></span> <span class='ocrx_word' id='word_1_193' title='bbox 1610 2023 1689 2078; x_wconf 89' lang='lat' dir='ltr'><strong>illam</strong></span> <span class='ocrx_word' id='word_1_194' title='bbox 1713 2024 1852 2081; x_wconf 84' lang='lat' dir='ltr'><strong>Breviarii</strong></span> 
     </span>
     <span class='ocr_line' id='line_1_22' title="bbox 407 2105 1852 2179; baseline 0.003 -16"><span class='ocrx_word' id='word_1_195' title='bbox 407 2108 549 2178; x_wconf 88' lang='lat' dir='ltr'><strong>epitomen</strong></span> <span class='ocrx_word' id='word_1_196' title='bbox 562 2108 633 2179; x_wconf 90' lang='lat' dir='ltr'><strong>legis</strong></span> <span class='ocrx_word' id='word_1_197' title='bbox 646 2107 703 2163; x_wconf 87' lang='lat' dir='ltr'><strong>vim</strong></span> <span class='ocrx_word' id='word_1_198' title='bbox 715 2107 858 2178; x_wconf 88' lang='lat' dir='ltr'><strong>accepisse</strong></span> <span class='ocrx_word' id='word_1_199' title='bbox 876 2106 958 2177; x_wconf 88' lang='lat' dir='ltr'><strong>eique</strong></span> <span class='ocrx_word' id='word_1_200' title='bbox 976 2106 1005 2161; x_wconf 90' lang='lat' dir='ltr'><strong>in</strong></span> <span class='ocrx_word' id='word_1_201' title='bbox 1017 2105 1105 2161; x_wconf 83' lang='lat' dir='ltr'><strong>Tiroli</strong></span> <span class='ocrx_word' id='word_1_202' title='bbox 1123 2107 1307 2172; x_wconf 87' lang='lat' dir='ltr'><strong>meridionali,</strong></span> <span class='ocrx_word' id='word_1_203' title='bbox 1326 2108 1404 2164; x_wconf 90' lang='lat' dir='ltr'><strong>euius</strong></span> <span class='ocrx_word' id='word_1_204' title='bbox 1422 2112 1531 2178; x_wconf 88' lang='lat' dir='ltr'><strong>partem</strong></span> <span class='ocrx_word' id='word_1_205' title='bbox 1550 2109 1624 2165; x_wconf 88' lang='lat' dir='ltr'><strong>inter</strong></span> <span class='ocrx_word' id='word_1_206' title='bbox 1635 2109 1705 2166; x_wconf 87' lang='lat' dir='ltr'><strong>alias</strong></span> <span class='ocrx_word' id='word_1_207' title='bbox 1720 2113 1852 2168; x_wconf 87' lang='lat' dir='ltr'><strong>nationes</strong></span> 
     </span>
     <span class='ocr_line' id='line_1_23' title="bbox 407 2193 1852 2263; baseline 0.001 -11"><span class='ocrx_word' id='word_1_208' title='bbox 407 2197 493 2253; x_wconf 89' lang='lat' dir='ltr'><strong>etiam</strong></span> <span class='ocrx_word' id='word_1_209' title='bbox 510 2196 576 2251; x_wconf 90' lang='lat' dir='ltr'><strong>Itali</strong></span> <span class='ocrx_word' id='word_1_210' title='bbox 594 2197 732 2258; x_wconf 88' lang='lat' dir='ltr'><strong>colebant,</strong></span> <span class='ocrx_word' id='word_1_211' title='bbox 751 2213 829 2249; x_wconf 92' lang='lat' dir='ltr'><strong>nsum</strong></span> <span class='ocrx_word' id='word_1_212' title='bbox 847 2193 986 2263; x_wconf 87' lang='lat' dir='ltr'><strong>quendam</strong></span> <span class='ocrx_word' id='word_1_213' title='bbox 1004 2193 1142 2247; x_wconf 82' lang='lat' dir='ltr'><strong>forensem</strong></span> <span class='ocrx_word' id='word_1_214' title='bbox 1159 2194 1313 2250; x_wconf 82' lang='lat' dir='ltr'><strong>obvenisse.</strong></span> <span class='ocrx_word' id='word_1_215' title='bbox 1346 2195 1454 2261; x_wconf 81' lang='lat' dir='ltr'><strong>Quare</strong></span> <span class='ocrx_word' id='word_1_216' title='bbox 1473 2213 1528 2250; x_wconf 90' lang='lat' dir='ltr'><strong>non</strong></span> <span class='ocrx_word' id='word_1_217' title='bbox 1545 2195 1655 2252; x_wconf 88' lang='lat' dir='ltr'><strong>mireris</strong></span> <span class='ocrx_word' id='word_1_218' title='bbox 1671 2197 1803 2254; x_wconf 89' lang='lat' dir='ltr'><strong>notitiam</strong></span> <span class='ocrx_word' id='word_1_219' title='bbox 1821 2203 1852 2254; x_wconf 90' lang='lat' dir='ltr'><strong>et</strong></span> 
     </span>
     <span class='ocr_line' id='line_1_24' title="bbox 408 2279 1851 2357; baseline 0.001 -20"><span class='ocrx_word' id='word_1_220' title='bbox 408 2282 544 2338; x_wconf 87' lang='lat' dir='ltr'><strong>Breviarii</strong></span> <span class='ocrx_word' id='word_1_221' title='bbox 568 2281 671 2351; x_wconf 81' lang='lat' dir='ltr'><strong>integri</strong></span> <span class='ocrx_word' id='word_1_222' title='bbox 693 2280 889 2351; x_wconf 88' lang='lat' dir='ltr'><strong>epitomaeque</strong></span> <span class='ocrx_word' id='word_1_223' title='bbox 911 2279 1023 2350; x_wconf 84' lang='lat' dir='ltr'><strong>Aegidii</strong></span> <span class='ocrx_word' id='word_1_224' title='bbox 1047 2279 1092 2333; x_wconf 89' lang='lat' dir='ltr'><strong>vel</strong></span> <span class='ocrx_word' id='word_1_225' title='bbox 1117 2279 1254 2335; x_wconf 89' lang='lat' dir='ltr'><strong>variorum</strong></span> <span class='ocrx_word' id='word_1_226' title='bbox 1278 2299 1311 2337; x_wconf 83' lang='lat' dir='ltr'><strong>ex</strong></span> <span class='ocrx_word' id='word_1_227' title='bbox 1337 2280 1381 2336; x_wconf 91' lang='lat' dir='ltr'><strong>bis</strong></span> <span class='ocrx_word' id='word_1_228' title='bbox 1403 2281 1484 2337; x_wconf 89' lang='lat' dir='ltr'><strong>libris</strong></span> <span class='ocrx_word' id='word_1_229' title='bbox 1507 2287 1701 2353; x_wconf 82' lang='lat' dir='ltr'><strong>excerptorum</strong></span> <span class='ocrx_word' id='word_1_230' title='bbox 1724 2290 1754 2340; x_wconf 90' lang='lat' dir='ltr'><strong>et</strong></span> <span class='ocrx_word' id='word_1_231' title='bbox 1777 2283 1851 2357; x_wconf 87' lang='lat' dir='ltr'><strong>legis</strong></span> 
     </span>
     <span class='ocr_line' id='line_1_25' title="bbox 407 2366 1851 2440; baseline -0.001 -15"><span class='ocrx_word' id='word_1_232' title='bbox 407 2369 546 2426; x_wconf 61' lang='lat' dir='ltr'><strong>(lariensis</strong></span> <span class='ocrx_word' id='word_1_233' title='bbox 564 2373 680 2440; x_wconf 92' lang='lat' dir='ltr'><strong>propter</strong></span> <span class='ocrx_word' id='word_1_234' title='bbox 696 2369 808 2423; x_wconf 90' lang='lat' dir='ltr'><strong>brevem</strong></span> <span class='ocrx_word' id='word_1_235' title='bbox 826 2371 856 2422; x_wconf 90' lang='lat' dir='ltr'><strong>et</strong></span> <span class='ocrx_word' id='word_1_236' title='bbox 874 2366 1014 2421; x_wconf 85' lang='lat' dir='ltr'><strong>concisam</strong></span> <span class='ocrx_word' id='word_1_237' title='bbox 1032 2367 1150 2422; x_wconf 79' lang='lat' dir='ltr'><strong>formam</strong></span> <span class='ocrx_word' id='word_1_238' title='bbox 1174 2372 1203 2423; x_wconf 87' lang='lat' dir='ltr'><strong>et</strong></span> <span class='ocrx_word' id='word_1_239' title='bbox 1221 2367 1300 2437; x_wconf 87' lang='lat' dir='ltr'><strong>quia,</strong></span> <span class='ocrx_word' id='word_1_240' title='bbox 1319 2369 1394 2437; x_wconf 91' lang='lat' dir='ltr'><strong>quod</strong></span> <span class='ocrx_word' id='word_1_241' title='bbox 1411 2371 1582 2437; x_wconf 86' lang='lat' dir='ltr'><strong>statuerunt,</strong></span> <span class='ocrx_word' id='word_1_242' title='bbox 1605 2387 1690 2440; x_wconf 84' lang='lat' dir='ltr'><strong>saepe</strong></span> <span class='ocrx_word' id='word_1_243' title='bbox 1707 2369 1767 2424; x_wconf 91' lang='lat' dir='ltr'><strong>iure</strong></span> <span class='ocrx_word' id='word_1_244' title='bbox 1785 2370 1851 2426; x_wconf 88' lang='lat' dir='ltr'><strong>Ger-</strong></span> 
     </span>
     <span class='ocr_line' id='line_1_26' title="bbox 407 2453 1852 2527; baseline 0.001 -16"><span class='ocrx_word' id='word_1_245' title='bbox 407 2455 517 2511; x_wconf 91' lang='lat' dir='ltr'><strong>manico</strong></span> <span class='ocrx_word' id='word_1_246' title='bbox 541 2455 720 2511; x_wconf 90' lang='lat' dir='ltr'><strong>immutatum</strong></span> <span class='ocrx_word' id='word_1_247' title='bbox 745 2454 842 2523; x_wconf 89' lang='lat' dir='ltr'><strong>itaque</strong></span> <span class='ocrx_word' id='word_1_248' title='bbox 868 2453 911 2507; x_wconf 92' lang='lat' dir='ltr'><strong>his</strong></span> <span class='ocrx_word' id='word_1_249' title='bbox 933 2453 1106 2522; x_wconf 88' lang='lat' dir='ltr'><strong>temporibus</strong></span> <span class='ocrx_word' id='word_1_250' title='bbox 1123 2456 1336 2510; x_wconf 86' lang='lat' dir='ltr'><strong>accomodatum</strong></span> <span class='ocrx_word' id='word_1_251' title='bbox 1357 2460 1430 2521; x_wconf 90' lang='lat' dir='ltr'><strong>erat,</strong></span> <span class='ocrx_word' id='word_1_252' title='bbox 1456 2456 1485 2510; x_wconf 93' lang='lat' dir='ltr'><strong>in</strong></span> <span class='ocrx_word' id='word_1_253' title='bbox 1509 2461 1605 2527; x_wconf 89' lang='lat' dir='ltr'><strong>partes</strong></span> <span class='ocrx_word' id='word_1_254' title='bbox 1623 2457 1723 2513; x_wconf 86' lang='lat' dir='ltr'><strong>Italiae</strong></span> <span class='ocrx_word' id='word_1_255' title='bbox 1743 2456 1852 2513; x_wconf 89' lang='lat' dir='ltr'><strong>vicinas</strong></span> 
     </span>
     <span class='ocr_line' id='line_1_27' title="bbox 409 2541 1852 2614; baseline -0.001 -15"><span class='ocrx_word' id='word_1_256' title='bbox 409 2547 569 2614; x_wconf 87' lang='lat' dir='ltr'><strong>penetrasse</strong></span> <span class='ocrx_word' id='word_1_257' title='bbox 588 2542 747 2611; x_wconf 87' lang='lat' dir='ltr'><strong>ibidemque</strong></span> <span class='ocrx_word' id='word_1_258' title='bbox 765 2542 816 2596; x_wconf 88' lang='lat' dir='ltr'><strong>bas</strong></span> <span class='ocrx_word' id='word_1_259' title='bbox 834 2541 910 2611; x_wconf 86' lang='lat' dir='ltr'><strong>leges</strong></span> <span class='ocrx_word' id='word_1_260' title='bbox 929 2557 985 2594; x_wconf 87' lang='lat' dir='ltr'><strong>nna</strong></span> <span class='ocrx_word' id='word_1_261' title='bbox 1002 2557 1066 2595; x_wconf 90' lang='lat' dir='ltr'><strong>cnm</strong></span> <span class='ocrx_word' id='word_1_262' title='bbox 1084 2541 1150 2595; x_wconf 91' lang='lat' dir='ltr'><strong>aliis</strong></span> <span class='ocrx_word' id='word_1_263' title='bbox 1169 2541 1236 2596; x_wconf 88' lang='lat' dir='ltr'><strong>iuris</strong></span> <span class='ocrx_word' id='word_1_264' title='bbox 1254 2541 1335 2597; x_wconf 85' lang='lat' dir='ltr'><strong>libris</strong></span> <span class='ocrx_word' id='word_1_265' title='bbox 1353 2543 1508 2612; x_wconf 86' lang='lat' dir='ltr'><strong>descriptas</strong></span> <span class='ocrx_word' id='word_1_266' title='bbox 1525 2547 1617 2610; x_wconf 83' lang='lat' dir='ltr'><strong>esse.⁸)</strong></span> <span class='ocrx_word' id='word_1_267' title='bbox 1650 2542 1722 2607; x_wconf 85' lang='lat' dir='ltr'><strong>Quia</strong></span> <span class='ocrx_word' id='word_1_268' title='bbox 1740 2543 1852 2599; x_wconf 80' lang='lat' dir='ltr'><strong>Brevia</strong></span> 
     </span>
     <span class='ocr_line' id='line_1_28' title="bbox 407 2626 1851 2697; baseline -0.001 -10"><span class='ocrx_word' id='word_1_269' title='bbox 407 2632 479 2687; x_wconf 89' lang='lat' dir='ltr'><strong>rium</strong></span> <span class='ocrx_word' id='word_1_270' title='bbox 497 2633 527 2685; x_wconf 91' lang='lat' dir='ltr'><strong>et</strong></span> <span class='ocrx_word' id='word_1_271' title='bbox 543 2631 589 2685; x_wconf 86' lang='lat' dir='ltr'><strong>Iex</strong></span> <span class='ocrx_word' id='word_1_272' title='bbox 606 2628 731 2684; x_wconf 89' lang='lat' dir='ltr'><strong>Romana</strong></span> <span class='ocrx_word' id='word_1_273' title='bbox 750 2627 891 2683; x_wconf 75' lang='lat' dir='ltr'><strong>curiensis</strong></span> <span class='ocrx_word' id='word_1_274' title='bbox 913 2631 946 2682; x_wconf 92' lang='lat' dir='ltr'><strong>ut</strong></span> <span class='ocrx_word' id='word_1_275' title='bbox 963 2626 1114 2681; x_wconf 86' lang='lat' dir='ltr'><strong>Iustiniani</strong></span> <span class='ocrx_word' id='word_1_276' title='bbox 1138 2646 1208 2697; x_wconf 91' lang='lat' dir='ltr'><strong>opus</strong></span> <span class='ocrx_word' id='word_1_277' title='bbox 1227 2628 1270 2683; x_wconf 92' lang='lat' dir='ltr'><strong>ius</strong></span> <span class='ocrx_word' id='word_1_278' title='bbox 1288 2628 1443 2684; x_wconf 87' lang='lat' dir='ltr'><strong>Romanum</strong></span> <span class='ocrx_word' id='word_1_279' title='bbox 1462 2629 1652 2693; x_wconf 88' lang='lat' dir='ltr'><strong>continebant,</strong></span> <span class='ocrx_word' id='word_1_280' title='bbox 1675 2628 1851 2685; x_wconf 83' lang='lat' dir='ltr'><strong>coniecturae</strong></span> 
     </span>
     <span class='ocr_line' id='line_1_29' title="bbox 407 2714 1851 2786; baseline -0.002 -12"><span class='ocrx_word' id='word_1_281' title='bbox 407 2723 501 2775; x_wconf 85' lang='lat' dir='ltr'><strong>favere</strong></span> <span class='ocrx_word' id='word_1_282' title='bbox 518 2717 615 2773; x_wconf 91' lang='lat' dir='ltr'><strong>malim</strong></span> <span class='ocrx_word' id='word_1_283' title='bbox 633 2716 740 2771; x_wconf 90' lang='lat' dir='ltr'><strong>iudices</strong></span> <span class='ocrx_word' id='word_1_284' title='bbox 752 2714 853 2770; x_wconf 91' lang='lat' dir='ltr'><strong>Italiae</strong></span> <span class='ocrx_word' id='word_1_285' title='bbox 871 2715 928 2769; x_wconf 92' lang='lat' dir='ltr'><strong>illis</strong></span> <span class='ocrx_word' id='word_1_286' title='bbox 946 2714 1120 2784; x_wconf 86' lang='lat' dir='ltr'><strong>temporibus</strong></span> <span class='ocrx_word' id='word_1_287' title='bbox 1133 2715 1320 2770; x_wconf 83' lang='lat' dir='ltr'><strong>differentiam</strong></span> <span class='ocrx_word' id='word_1_288' title='bbox 1339 2715 1414 2771; x_wconf 89' lang='lat' dir='ltr'><strong>inter</strong></span> <span class='ocrx_word' id='word_1_289' title='bbox 1426 2716 1495 2770; x_wconf 89' lang='lat' dir='ltr'><strong>duas</strong></span> <span class='ocrx_word' id='word_1_290' title='bbox 1513 2714 1719 2772; x_wconf 85' lang='lat' dir='ltr'><strong>acdificationes</strong></span> <span class='ocrx_word' id='word_1_291' title='bbox 1731 2716 1851 2786; x_wconf 80' lang='lat' dir='ltr'><strong>plerum·</strong></span> 
     </span>
     <span class='ocr_line' id='line_1_30' title="bbox 407 2800 1853 2875; baseline -0.002 -15"><span class='ocrx_word' id='word_1_292' title='bbox 407 2823 462 2875; x_wconf 92' lang='lat' dir='ltr'><strong>que</strong></span> <span class='ocrx_word' id='word_1_293' title='bbox 480 2823 533 2859; x_wconf 92' lang='lat' dir='ltr'><strong>non</strong></span> <span class='ocrx_word' id='word_1_294' title='bbox 552 2803 622 2859; x_wconf 88' lang='lat' dir='ltr'><strong>satis</strong></span> <span class='ocrx_word' id='word_1_295' title='bbox 639 2802 842 2873; x_wconf 83' lang='lat' dir='ltr'><strong>intelligentes,</strong></span> <span class='ocrx_word' id='word_1_296' title='bbox 868 2801 892 2855; x_wconf 91' lang='lat' dir='ltr'><strong>si</strong></span> <span class='ocrx_word' id='word_1_297' title='bbox 913 2800 987 2857; x_wconf 91' lang='lat' dir='ltr'><strong>libro</strong></span> <span class='ocrx_word' id='word_1_298' title='bbox 1010 2800 1079 2855; x_wconf 90' lang='lat' dir='ltr'><strong>iuris</strong></span> <span class='ocrx_word' id='word_1_299' title='bbox 1097 2801 1217 2856; x_wconf 84' lang='lat' dir='ltr'><strong>Romani</strong></span> <span class='ocrx_word' id='word_1_300' title='bbox 1241 2803 1406 2869; x_wconf 88' lang='lat' dir='ltr'><strong>utebantur,</strong></span> <span class='ocrx_word' id='word_1_301' title='bbox 1432 2821 1487 2857; x_wconf 90' lang='lat' dir='ltr'><strong>non</strong></span> <span class='ocrx_word' id='word_1_302' title='bbox 1505 2801 1749 2866; x_wconf 88' lang='lat' dir='ltr'><strong>animadvertisse,</strong></span> <span class='ocrx_word' id='word_1_303' title='bbox 1773 2802 1853 2857; x_wconf 90' lang='lat' dir='ltr'><strong>euius</strong></span> 
     </span>
     <span class='ocr_line' id='line_1_31' title="bbox 407 2886 1852 2962; baseline -0.001 -18"><span class='ocrx_word' id='word_1_304' title='bbox 407 2889 517 2962; x_wconf 69' lang='lat' dir='ltr'><strong>geneda</strong></span> <span class='ocrx_word' id='word_1_305' title='bbox 539 2890 636 2953; x_wconf 82' lang='lat' dir='ltr'><strong>fucrit,</strong></span> <span class='ocrx_word' id='word_1_306' title='bbox 660 2888 757 2957; x_wconf 90' lang='lat' dir='ltr'><strong>itaque</strong></span> <span class='ocrx_word' id='word_1_307' title='bbox 779 2888 930 2942; x_wconf 89' lang='lat' dir='ltr'><strong>secundum</strong></span> <span class='ocrx_word' id='word_1_308' title='bbox 949 2887 1040 2959; x_wconf 87' lang='lat' dir='ltr'><strong>Iegem</strong></span> <span class='ocrx_word' id='word_1_309' title='bbox 1059 2886 1215 2942; x_wconf 88' lang='lat' dir='ltr'><strong>Romanam</strong></span> <span class='ocrx_word' id='word_1_310' title='bbox 1233 2888 1413 2944; x_wconf 82' lang='lat' dir='ltr'><strong>decernentes</strong></span> <span class='ocrx_word' id='word_1_311' title='bbox 1431 2888 1477 2943; x_wconf 89' lang='lat' dir='ltr'><strong>hic</strong></span> <span class='ocrx_word' id='word_1_312' title='bbox 1495 2887 1598 2943; x_wconf 91' lang='lat' dir='ltr'><strong>librum</strong></span> <span class='ocrx_word' id='word_1_313' title='bbox 1617 2887 1684 2942; x_wconf 90' lang='lat' dir='ltr'><strong>iuris</strong></span> <span class='ocrx_word' id='word_1_314' title='bbox 1703 2887 1852 2944; x_wconf 89' lang='lat' dir='ltr'><strong>Iustiniani</strong></span> 
     </span>
     <span class='ocr_line' id='line_1_32' title="bbox 408 2972 1852 3045; baseline -0.003 -13"><span class='ocrx_word' id='word_1_315' title='bbox 408 2977 584 3032; x_wconf 88' lang='lat' dir='ltr'><strong>decurtatum</strong></span> <span class='ocrx_word' id='word_1_316' title='bbox 607 2976 651 3030; x_wconf 90' lang='lat' dir='ltr'><strong>vel</strong></span> <span class='ocrx_word' id='word_1_317' title='bbox 674 2974 901 3044; x_wconf 88' lang='lat' dir='ltr'><strong>compendiatum</strong></span> <span class='ocrx_word' id='word_1_318' title='bbox 922 2972 971 3027; x_wconf 92' lang='lat' dir='ltr'><strong>ille</strong></span> <span class='ocrx_word' id='word_1_319' title='bbox 991 2992 1055 3028; x_wconf 88' lang='lat' dir='ltr'><strong>vero</strong></span> <span class='ocrx_word' id='word_1_320' title='bbox 1076 2973 1249 3029; x_wconf 88' lang='lat' dir='ltr'><strong>Breviarium</strong></span> <span class='ocrx_word' id='word_1_321' title='bbox 1273 2975 1316 3030; x_wconf 87' lang='lat' dir='ltr'><strong>vel</strong></span> <span class='ocrx_word' id='word_1_322' title='bbox 1344 2974 1404 3030; x_wconf 92' lang='lat' dir='ltr'><strong>eius</strong></span> <span class='ocrx_word' id='word_1_323' title='bbox 1427 2973 1578 3045; x_wconf 89' lang='lat' dir='ltr'><strong>epitomas,</strong></span> <span class='ocrx_word' id='word_1_324' title='bbox 1603 2975 1625 3028; x_wconf 90' lang='lat' dir='ltr'><strong>si</strong></span> <span class='ocrx_word' id='word_1_325' title='bbox 1648 2975 1699 3029; x_wconf 90' lang='lat' dir='ltr'><strong>hos</strong></span> <span class='ocrx_word' id='word_1_326' title='bbox 1717 2973 1803 3030; x_wconf 91' lang='lat' dir='ltr'><strong>libros</strong></span> <span class='ocrx_word' id='word_1_327' title='bbox 1825 2975 1852 3030; x_wconf 90' lang='lat' dir='ltr'><strong>ei</strong></span> 
     </span>
     <span class='ocr_line' id='line_1_33' title="bbox 408 3059 1853 3135; baseline 0 -17"><span class='ocrx_word' id='word_1_328' title='bbox 408 3066 520 3135; x_wconf 90' lang='lat' dir='ltr'><strong>praesto</strong></span> <span class='ocrx_word' id='word_1_329' title='bbox 545 3065 636 3128; x_wconf 89' lang='lat' dir='ltr'><strong>erant,</strong></span> <span class='ocrx_word' id='word_1_330' title='bbox 661 3060 822 3117; x_wconf 82' lang='lat' dir='ltr'><strong>adhibuisse</strong></span> <span class='ocrx_word' id='word_1_331' title='bbox 847 3059 965 3116; x_wconf 87' lang='lat' dir='ltr'><strong>videtur.</strong></span> <span class='ocrx_word' id='word_1_332' title='bbox 1002 3061 1063 3123; x_wconf 80' lang='lat' dir='ltr'><strong>Qua</strong></span> <span class='ocrx_word' id='word_1_333' title='bbox 1090 3059 1202 3130; x_wconf 85' lang='lat' dir='ltr'><strong>qnidam</strong></span> <span class='ocrx_word' id='word_1_334' title='bbox 1228 3059 1337 3117; x_wconf 93' lang='lat' dir='ltr'><strong>ratione</strong></span> <span class='ocrx_word' id='word_1_335' title='bbox 1362 3061 1447 3117; x_wconf 89' lang='lat' dir='ltr'><strong>etiam</strong></span> <span class='ocrx_word' id='word_1_336' title='bbox 1466 3060 1608 3117; x_wconf 88' lang='lat' dir='ltr'><strong>Breviario</strong></span> <span class='ocrx_word' id='word_1_337' title='bbox 1633 3060 1661 3116; x_wconf 91' lang='lat' dir='ltr'><strong>in</strong></span> <span class='ocrx_word' id='word_1_338' title='bbox 1685 3061 1853 3131; x_wconf 88' lang='lat' dir='ltr'><strong>quibusdam</strong></span> 
     </span>
     <span class='ocr_line' id='line_1_34' title="bbox 408 3146 1307 3220; baseline -0.002 -15"><span class='ocrx_word' id='word_1_339' title='bbox 408 3151 508 3207; x_wconf 90' lang='lat' dir='ltr'><strong>Italiae</strong></span> <span class='ocrx_word' id='word_1_340' title='bbox 527 3149 657 3220; x_wconf 89' lang='lat' dir='ltr'><strong>partibus</strong></span> <span class='ocrx_word' id='word_1_341' title='bbox 675 3167 755 3204; x_wconf 90' lang='lat' dir='ltr'><strong>usum</strong></span> <span class='ocrx_word' id='word_1_342' title='bbox 772 3148 908 3203; x_wconf 82' lang='lat' dir='ltr'><strong>foramem</strong></span> <span class='ocrx_word' id='word_1_343' title='bbox 927 3146 1062 3219; x_wconf 80' lang='lat' dir='ltr'><strong>obtigisse</strong></span> <span class='ocrx_word' id='word_1_344' title='bbox 1081 3148 1238 3218; x_wconf 90' lang='lat' dir='ltr'><strong>putandum</strong></span> <span class='ocrx_word' id='word_1_345' title='bbox 1256 3152 1307 3204; x_wconf 91' lang='lat' dir='ltr'><strong>est.</strong></span> 
     </span>
    </p>
   </div>
   <div class='ocr_carea' id='block_1_4' title="bbox 407 3250 1856 4450">
    <p class='ocr_par' dir='ltr' id='par_1_4' title="bbox 407 3250 1856 4450">
     <span class='ocr_line' id='line_1_35' title="bbox 494 3250 1854 3324; baseline 0 -16"><span class='ocrx_word' id='word_1_346' title='bbox 494 3253 545 3308; x_wconf 86' lang='lat' dir='ltr'><strong>His</strong></span> <span class='ocrx_word' id='word_1_347' title='bbox 557 3250 716 3323; x_wconf 85' lang='lat' dir='ltr'><strong>praemissis</strong></span> <span class='ocrx_word' id='word_1_348' title='bbox 729 3250 859 3306; x_wconf 88' lang='lat' dir='ltr'><strong>notitiam</strong></span> <span class='ocrx_word' id='word_1_349' title='bbox 872 3268 1007 3320; x_wconf 86' lang='lat' dir='ltr'><strong>usumque</strong></span> <span class='ocrx_word' id='word_1_350' title='bbox 1020 3251 1220 3307; x_wconf 90' lang='lat' dir='ltr'><strong>scholasticum</strong></span> <span class='ocrx_word' id='word_1_351' title='bbox 1231 3251 1368 3306; x_wconf 88' lang='lat' dir='ltr'><strong>Breviarii</strong></span> <span class='ocrx_word' id='word_1_352' title='bbox 1380 3270 1431 3322; x_wconf 90' lang='lat' dir='ltr'><strong>per</strong></span> <span class='ocrx_word' id='word_1_353' title='bbox 1444 3251 1556 3307; x_wconf 90' lang='lat' dir='ltr'><strong>Italiam</strong></span> <span class='ocrx_word' id='word_1_354' title='bbox 1569 3252 1719 3308; x_wconf 85' lang='lat' dir='ltr'><strong>tractaturi</strong></span> <span class='ocrx_word' id='word_1_355' title='bbox 1732 3252 1854 3324; x_wconf 87' lang='lat' dir='ltr'><strong>primum</strong></span> 
     </span>
     <span class='ocr_line' id='line_1_36' title="bbox 408 3337 1854 3408; baseline -0.001 -12"><span class='ocrx_word' id='word_1_356' title='bbox 408 3342 574 3397; x_wconf 89' lang='lat' dir='ltr'><strong>adnotamus</strong></span> <span class='ocrx_word' id='word_1_357' title='bbox 592 3339 738 3394; x_wconf 91' lang='lat' dir='ltr'><strong>nonnullos</strong></span> <span class='ocrx_word' id='word_1_358' title='bbox 757 3337 866 3394; x_wconf 90' lang='lat' dir='ltr'><strong>codices</strong></span> <span class='ocrx_word' id='word_1_359' title='bbox 882 3337 1056 3394; x_wconf 91' lang='lat' dir='ltr'><strong>Breviarium</strong></span> <span class='ocrx_word' id='word_1_360' title='bbox 1076 3339 1120 3392; x_wconf 91' lang='lat' dir='ltr'><strong>vel</strong></span> <span class='ocrx_word' id='word_1_361' title='bbox 1139 3337 1305 3408; x_wconf 87' lang='lat' dir='ltr'><strong>compendia</strong></span> <span class='ocrx_word' id='word_1_362' title='bbox 1323 3337 1383 3392; x_wconf 92' lang='lat' dir='ltr'><strong>eins</strong></span> <span class='ocrx_word' id='word_1_363' title='bbox 1406 3337 1582 3394; x_wconf 87' lang='lat' dir='ltr'><strong>continentes</strong></span> <span class='ocrx_word' id='word_1_364' title='bbox 1599 3337 1717 3408; x_wconf 86' lang='lat' dir='ltr'><strong>originis</strong></span> <span class='ocrx_word' id='word_1_365' title='bbox 1735 3339 1854 3395; x_wconf 86' lang='lat' dir='ltr'><strong>Italicae</strong></span> 
     </span>
     <span class='ocr_line' id='line_1_37' title="bbox 407 3424 1853 3494; baseline -0.001 -11"><span class='ocrx_word' id='word_1_366' title='bbox 407 3445 466 3483; x_wconf 89' lang='lat' dir='ltr'><strong>esse</strong></span> <span class='ocrx_word' id='word_1_367' title='bbox 489 3427 534 3482; x_wconf 90' lang='lat' dir='ltr'><strong>vel</strong></span> <span class='ocrx_word' id='word_1_368' title='bbox 557 3426 587 3481; x_wconf 91' lang='lat' dir='ltr'><strong>in</strong></span> <span class='ocrx_word' id='word_1_369' title='bbox 607 3425 788 3481; x_wconf 88' lang='lat' dir='ltr'><strong>bibliothecis</strong></span> <span class='ocrx_word' id='word_1_370' title='bbox 812 3424 890 3479; x_wconf 91' lang='lat' dir='ltr'><strong>illins</strong></span> <span class='ocrx_word' id='word_1_371' title='bbox 912 3428 1002 3480; x_wconf 87' lang='lat' dir='ltr'><strong>terrae</strong></span> <span class='ocrx_word' id='word_1_372' title='bbox 1025 3424 1183 3494; x_wconf 87' lang='lat' dir='ltr'><strong>antiquitus</strong></span> <span class='ocrx_word' id='word_1_373' title='bbox 1207 3428 1386 3479; x_wconf 89' lang='lat' dir='ltr'><strong>conservatos</strong></span> <span class='ocrx_word' id='word_1_374' title='bbox 1408 3440 1474 3478; x_wconf 86' lang='lat' dir='ltr'><strong>esse.</strong></span> <span class='ocrx_word' id='word_1_375' title='bbox 1511 3425 1592 3480; x_wconf 87' lang='lat' dir='ltr'><strong>Nono</strong></span> <span class='ocrx_word' id='word_1_376' title='bbox 1610 3426 1721 3481; x_wconf 87' lang='lat' dir='ltr'><strong>saeculo</strong></span> <span class='ocrx_word' id='word_1_377' title='bbox 1739 3426 1853 3482; x_wconf 85' lang='lat' dir='ltr'><strong>exeunti</strong></span> 
     </span>
     <span class='ocr_line' id='line_1_38' title="bbox 409 3510 1854 3583; baseline -0.001 -15"><span class='ocrx_word' id='word_1_378' title='bbox 409 3515 452 3569; x_wconf 89' lang='lat' dir='ltr'><strong>vel</strong></span> <span class='ocrx_word' id='word_1_379' title='bbox 480 3513 587 3568; x_wconf 90' lang='lat' dir='ltr'><strong>decimo</strong></span> <span class='ocrx_word' id='word_1_380' title='bbox 613 3511 762 3583; x_wconf 91' lang='lat' dir='ltr'><strong>incipienti</strong></span> <span class='ocrx_word' id='word_1_381' title='bbox 789 3511 898 3566; x_wconf 90' lang='lat' dir='ltr'><strong>codices</strong></span> <span class='ocrx_word' id='word_1_382' title='bbox 925 3511 947 3564; x_wconf 85' lang='grc' dir='ltr'>Ε</span> <span class='ocrx_word' id='word_1_383' title='bbox 974 3514 1003 3565; x_wconf 91' lang='lat' dir='ltr'><strong>et</strong></span> <span class='ocrx_word' id='word_1_384' title='bbox 1030 3512 1055 3564; x_wconf 89' lang='lat' dir='ltr'><strong>X</strong></span> <span class='ocrx_word' id='word_1_385' title='bbox 1083 3511 1111 3565; x_wconf 93' lang='lat' dir='ltr'><strong>in</strong></span> <span class='ocrx_word' id='word_1_386' title='bbox 1139 3510 1313 3566; x_wconf 90' lang='lat' dir='ltr'><strong>bibliotheca</strong></span> <span class='ocrx_word' id='word_1_387' title='bbox 1341 3510 1461 3581; x_wconf 90' lang='lat' dir='ltr'><strong>capituli</strong></span> <span class='ocrx_word' id='word_1_388' title='bbox 1491 3510 1684 3581; x_wconf 86' lang='lat' dir='ltr'><strong>Eporediensis</strong></span> <span class='ocrx_word' id='word_1_389' title='bbox 1712 3511 1854 3569; x_wconf 90' lang='lat' dir='ltr'><strong>tribuendi</strong></span> 
     </span>
     <span class='ocr_line' id='line_1_39' title="bbox 407 3595 1854 3670; baseline -0.001 -15"><span class='ocrx_word' id='word_1_390' title='bbox 407 3603 481 3665; x_wconf 91' lang='lat' dir='ltr'><strong>sunt,</strong></span> <span class='ocrx_word' id='word_1_391' title='bbox 504 3599 554 3670; x_wconf 91' lang='lat' dir='ltr'><strong>qni</strong></span> <span class='ocrx_word' id='word_1_392' title='bbox 575 3600 666 3670; x_wconf 90' lang='lat' dir='ltr'><strong>legem</strong></span> <span class='ocrx_word' id='word_1_393' title='bbox 691 3602 815 3653; x_wconf 89' lang='lat' dir='ltr'><strong>nostram</strong></span> <span class='ocrx_word' id='word_1_394' title='bbox 837 3596 990 3652; x_wconf 88' lang='lat' dir='ltr'><strong>continent.</strong></span> <span class='ocrx_word' id='word_1_395' title='bbox 1026 3598 1080 3653; x_wconf 81' lang='lat' dir='ltr'><strong>Sed</strong></span> <span class='ocrx_word' id='word_1_396' title='bbox 1102 3601 1194 3652; x_wconf 87' lang='lat' dir='ltr'><strong>utrum</strong></span> <span class='ocrx_word' id='word_1_397' title='bbox 1219 3596 1248 3651; x_wconf 90' lang='lat' dir='ltr'><strong>in</strong></span> <span class='ocrx_word' id='word_1_398' title='bbox 1272 3596 1359 3651; x_wconf 91' lang='lat' dir='ltr'><strong>Italia</strong></span> <span class='ocrx_word' id='word_1_399' title='bbox 1381 3595 1501 3652; x_wconf 82' lang='lat' dir='ltr'><strong>confecti</strong></span> <span class='ocrx_word' id='word_1_400' title='bbox 1524 3596 1582 3651; x_wconf 88' lang='lat' dir='ltr'><strong>sint</strong></span> <span class='ocrx_word' id='word_1_401' title='bbox 1603 3615 1641 3652; x_wconf 89' lang='lat' dir='ltr'><strong>an</strong></span> <span class='ocrx_word' id='word_1_402' title='bbox 1661 3597 1774 3654; x_wconf 89' lang='lat' dir='ltr'><strong>aliunde</strong></span> <span class='ocrx_word' id='word_1_403' title='bbox 1796 3598 1854 3654; x_wconf 88' lang='lat' dir='ltr'><strong>iam</strong></span> 
     </span>
     <span class='ocr_line' id='line_1_40' title="bbox 409 3681 1853 3756; baseline -0.001 -16"><span class='ocrx_word' id='word_1_404' title='bbox 409 3686 516 3756; x_wconf 87' lang='lat' dir='ltr'><strong>pridem</strong></span> <span class='ocrx_word' id='word_1_405' title='bbox 534 3685 563 3739; x_wconf 93' lang='lat' dir='ltr'><strong>in</strong></span> <span class='ocrx_word' id='word_1_406' title='bbox 582 3685 659 3740; x_wconf 86' lang='lat' dir='ltr'><strong>illins</strong></span> <span class='ocrx_word' id='word_1_407' title='bbox 677 3684 797 3753; x_wconf 89' lang='lat' dir='ltr'><strong>capituli</strong></span> <span class='ocrx_word' id='word_1_408' title='bbox 816 3683 1019 3740; x_wconf 89' lang='lat' dir='ltr'><strong>bibliothecam</strong></span> <span class='ocrx_word' id='word_1_409' title='bbox 1037 3683 1163 3739; x_wconf 89' lang='lat' dir='ltr'><strong>venerint</strong></span> <span class='ocrx_word' id='word_1_410' title='bbox 1180 3684 1301 3738; x_wconf 92' lang='lat' dir='ltr'><strong>nondum</strong></span> <span class='ocrx_word' id='word_1_411' title='bbox 1320 3686 1438 3737; x_wconf 89' lang='lat' dir='ltr'><strong>constat.</strong></span> <span class='ocrx_word' id='word_1_412' title='bbox 1470 3681 1685 3739; x_wconf 86' lang='lat' dir='ltr'><strong>Animadvertas</strong></span> <span class='ocrx_word' id='word_1_413' title='bbox 1703 3684 1807 3740; x_wconf 89' lang='lat' dir='ltr'><strong>codicis</strong></span> <span class='ocrx_word' id='word_1_414' title='bbox 1829 3686 1853 3739; x_wconf 87' lang='lat' dir='ltr'><strong>X</strong></span> 
     </span>
     <span class='ocr_line' id='line_1_41' title="bbox 410 3767 1854 3841; baseline -0.001 -13"><span class='ocrx_word' id='word_1_415' title='bbox 410 3773 619 3828; x_wconf 86' lang='lat' dir='ltr'><strong>blurbacensem</strong></span> <span class='ocrx_word' id='word_1_416' title='bbox 642 3770 817 3841; x_wconf 88' lang='lat' dir='ltr'><strong>deperditum</strong></span> <span class='ocrx_word' id='word_1_417' title='bbox 840 3771 992 3841; x_wconf 89' lang='lat' dir='ltr'><strong>gemellum</strong></span> <span class='ocrx_word' id='word_1_418' title='bbox 1013 3769 1109 3834; x_wconf 88' lang='lat' dir='ltr'><strong>fuisse,</strong></span> <span class='ocrx_word' id='word_1_419' title='bbox 1134 3767 1212 3824; x_wconf 91' lang='lat' dir='ltr'><strong>cuius</strong></span> <span class='ocrx_word' id='word_1_420' title='bbox 1237 3769 1319 3839; x_wconf 91' lang='lat' dir='ltr'><strong>copia</strong></span> <span class='ocrx_word' id='word_1_421' title='bbox 1342 3769 1417 3824; x_wconf 87' lang='lat' dir='ltr'><strong>iussn</strong></span> <span class='ocrx_word' id='word_1_422' title='bbox 1435 3768 1574 3824; x_wconf 86' lang='lat' dir='ltr'><strong>Bonifacii</strong></span> <span class='ocrx_word' id='word_1_423' title='bbox 1592 3768 1773 3826; x_wconf 64' lang='lat' dir='ltr'><strong>amerbachii</strong></span> <span class='ocrx_word' id='word_1_424' title='bbox 1792 3788 1854 3826; x_wconf 89' lang='lat' dir='ltr'><strong>con·</strong></span> 
     </span>
     <span class='ocr_line' id='line_1_42' title="bbox 409 3855 1854 3929; baseline -0.001 -16"><span class='ocrx_word' id='word_1_425' title='bbox 409 3858 517 3929; x_wconf 88' lang='lat' dir='ltr'><strong>scripta</strong></span> <span class='ocrx_word' id='word_1_426' title='bbox 534 3858 563 3911; x_wconf 94' lang='lat' dir='ltr'><strong>in</strong></span> <span class='ocrx_word' id='word_1_427' title='bbox 582 3855 756 3913; x_wconf 88' lang='lat' dir='ltr'><strong>bibliotheca</strong></span> <span class='ocrx_word' id='word_1_428' title='bbox 774 3855 890 3926; x_wconf 88' lang='lat' dir='ltr'><strong>publica</strong></span> <span class='ocrx_word' id='word_1_429' title='bbox 908 3855 1035 3911; x_wconf 81' lang='lat' dir='ltr'><strong>Basileus</strong></span> <span class='ocrx_word' id='word_1_430' title='bbox 1053 3860 1188 3926; x_wconf 89' lang='lat' dir='ltr'><strong>superest.</strong></span> <span class='ocrx_word' id='word_1_431' title='bbox 1219 3855 1329 3911; x_wconf 85' lang='lat' dir='ltr'><strong>Codicis</strong></span> <span class='ocrx_word' id='word_1_432' title='bbox 1348 3873 1412 3911; x_wconf 90' lang='lat' dir='ltr'><strong>vero</strong></span> <span class='ocrx_word' id='word_1_433' title='bbox 1430 3855 1453 3911; x_wconf 87' lang='grc' dir='ltr'>Ε</span> <span class='ocrx_word' id='word_1_434' title='bbox 1471 3855 1582 3926; x_wconf 90' lang='lat' dir='ltr'><strong>copiam</strong></span> <span class='ocrx_word' id='word_1_435' title='bbox 1602 3856 1736 3912; x_wconf 87' lang='lat' dir='ltr'><strong>babemus</strong></span> <span class='ocrx_word' id='word_1_436' title='bbox 1755 3856 1783 3911; x_wconf 89' lang='lat' dir='ltr'><strong>in</strong></span> <span class='ocrx_word' id='word_1_437' title='bbox 1801 3856 1854 3912; x_wconf 92' lang='lat' dir='ltr'><strong>illo</strong></span> 
     </span>
     <span class='ocr_line' id='line_1_43' title="bbox 410 3940 1854 4014; baseline -0.001 -15"><span class='ocrx_word' id='word_1_438' title='bbox 410 3946 465 4009; x_wconf 73' lang='lat' dir='ltr'><strong>E‘,</strong></span> <span class='ocrx_word' id='word_1_439' title='bbox 483 3963 565 4014; x_wconf 88' lang='lat' dir='ltr'><strong>quem</strong></span> <span class='ocrx_word' id='word_1_440' title='bbox 583 3943 831 3998; x_wconf 87' lang='lat' dir='ltr'><strong>Vesontionensem</strong></span> <span class='ocrx_word' id='word_1_441' title='bbox 850 3940 959 3997; x_wconf 80' lang='lat' dir='ltr'><strong>Cuiacii</strong></span> <span class='ocrx_word' id='word_1_442' title='bbox 977 3946 1007 3996; x_wconf 89' lang='lat' dir='ltr'><strong>et</strong></span> <span class='ocrx_word' id='word_1_443' title='bbox 1025 3940 1137 3996; x_wconf 90' lang='lat' dir='ltr'><strong>Pithoei</strong></span> <span class='ocrx_word' id='word_1_444' title='bbox 1156 3960 1215 3998; x_wconf 88' lang='lat' dir='ltr'><strong>esse</strong></span> <span class='ocrx_word' id='word_1_445' title='bbox 1233 3942 1363 4012; x_wconf 70' lang='lat' dir='ltr'><strong>dicento</strong></span> <span class='ocrx_word' id='word_1_446' title='bbox 1399 3942 1516 3997; x_wconf 88' lang='lat' dir='ltr'><strong>Patetta</strong></span> <span class='ocrx_word' id='word_1_447' title='bbox 1534 3942 1602 4011; x_wconf 78' lang='lat' dir='ltr'><strong>[AG.</strong></span> <span class='ocrx_word' id='word_1_448' title='bbox 1620 3942 1730 4008; x_wconf 85' lang='lat' dir='ltr'><strong>XLVII,</strong></span> <span class='ocrx_word' id='word_1_449' title='bbox 1749 3945 1791 3997; x_wconf 75' lang='lat'><strong>26.</strong></span> <span class='ocrx_word' id='word_1_450' title='bbox 1810 3944 1854 4014; x_wconf 81' lang='lat'><strong>30]</strong></span> 
     </span>
     <span class='ocr_line' id='line_1_44' title="bbox 410 4026 1855 4100; baseline -0.001 -13"><span class='ocrx_word' id='word_1_451' title='bbox 410 4031 497 4088; x_wconf 91' lang='lat' dir='ltr'><strong>ctiam</strong></span> <span class='ocrx_word' id='word_1_452' title='bbox 516 4031 639 4087; x_wconf 87' lang='lat' dir='ltr'><strong>codicem</strong></span> <span class='ocrx_word' id='word_1_453' title='bbox 657 4031 678 4083; x_wconf 89' lang='lat' dir='ltr'>L</span> <span class='ocrx_word' id='word_1_454' title='bbox 698 4029 798 4085; x_wconf 90' lang='lat' dir='ltr'><strong>Italiae</strong></span> <span class='ocrx_word' id='word_1_455' title='bbox 817 4029 930 4094; x_wconf 88' lang='lat' dir='ltr'><strong>tribuit,</strong></span> <span class='ocrx_word' id='word_1_456' title='bbox 953 4029 1000 4083; x_wconf 89' lang='lat' dir='ltr'><strong>sed</strong></span> <span class='ocrx_word' id='word_1_457' title='bbox 1018 4026 1085 4083; x_wconf 89' lang='lat' dir='ltr'><strong>huic</strong></span> <span class='ocrx_word' id='word_1_458' title='bbox 1102 4027 1230 4099; x_wconf 90' lang='lat' dir='ltr'><strong>opinioni</strong></span> <span class='ocrx_word' id='word_1_459' title='bbox 1251 4029 1358 4083; x_wconf 92' lang='lat' dir='ltr'><strong>nullum</strong></span> <span class='ocrx_word' id='word_1_460' title='bbox 1376 4032 1572 4100; x_wconf 87' lang='lat' dir='ltr'><strong>argumentum</strong></span> <span class='ocrx_word' id='word_1_461' title='bbox 1591 4029 1715 4099; x_wconf 83' lang='lat' dir='ltr'><strong>praebet</strong></span> <span class='ocrx_word' id='word_1_462' title='bbox 1752 4029 1855 4085; x_wconf 83' lang='lat' dir='ltr'><strong>Contra</strong></span> 
     </span>
     <span class='ocr_line' id='line_1_45' title="bbox 411 4114 1855 4185; baseline -0.002 -11"><span class='ocrx_word' id='word_1_463' title='bbox 411 4118 574 4174; x_wconf 89' lang='lat' dir='ltr'><strong>Hauboldus</strong></span> <span class='ocrx_word' id='word_1_464' title='bbox 592 4120 720 4172; x_wconf 89' lang='lat' dir='ltr'><strong>auctores</strong></span> <span class='ocrx_word' id='word_1_465' title='bbox 738 4116 815 4171; x_wconf 90' lang='lat' dir='ltr'><strong>libri:</strong></span> <span class='ocrx_word' id='word_1_466' title='bbox 833 4118 977 4171; x_wconf 86' lang='lat' dir='ltr'><strong>‘Nouveau</strong></span> <span class='ocrx_word' id='word_1_467' title='bbox 991 4114 1088 4170; x_wconf 80' lang='lat' dir='ltr'><strong>Traite</strong></span> <span class='ocrx_word' id='word_1_468' title='bbox 1105 4116 1140 4171; x_wconf 91' lang='lat' dir='ltr'><strong>de</strong></span> <span class='ocrx_word' id='word_1_469' title='bbox 1153 4115 1375 4185; x_wconf 90' lang='lat' dir='ltr'><strong>Diplomatiquc‘</strong></span> <span class='ocrx_word' id='word_1_470' title='bbox 1386 4118 1498 4171; x_wconf 88' lang='lat' dir='ltr'><strong>secutus</strong></span> <span class='ocrx_word' id='word_1_471' title='bbox 1517 4114 1640 4171; x_wconf 89' lang='lat' dir='ltr'><strong>codicem</strong></span> <span class='ocrx_word' id='word_1_472' title='bbox 1658 4118 1710 4171; x_wconf 89' lang='lat' dir='ltr'><strong>ant</strong></span> <span class='ocrx_word' id='word_1_473' title='bbox 1727 4115 1757 4170; x_wconf 91' lang='lat' dir='ltr'><strong>in</strong></span> <span class='ocrx_word' id='word_1_474' title='bbox 1769 4116 1855 4171; x_wconf 90' lang='lat' dir='ltr'><strong>Italia</strong></span> 
     </span>
     <span class='ocr_line' id='line_1_46' title="bbox 410 4200 1853 4275; baseline -0.003 -13"><span class='ocrx_word' id='word_1_475' title='bbox 410 4212 461 4263; x_wconf 91' lang='lat' dir='ltr'><strong>aut</strong></span> <span class='ocrx_word' id='word_1_476' title='bbox 479 4207 509 4261; x_wconf 91' lang='lat' dir='ltr'><strong>in</strong></span> <span class='ocrx_word' id='word_1_477' title='bbox 527 4206 621 4262; x_wconf 89' lang='lat' dir='ltr'><strong>Gallia</strong></span> <span class='ocrx_word' id='word_1_478' title='bbox 638 4204 815 4260; x_wconf 87' lang='lat' dir='ltr'><strong>meridionali</strong></span> <span class='ocrx_word' id='word_1_479' title='bbox 833 4205 967 4275; x_wconf 88' lang='lat' dir='ltr'><strong>scriptum</strong></span> <span class='ocrx_word' id='word_1_480' title='bbox 986 4221 1045 4258; x_wconf 87' lang='lat' dir='ltr'><strong>esse</strong></span> <span class='ocrx_word' id='word_1_481' title='bbox 1063 4208 1155 4273; x_wconf 88' lang='lat' dir='ltr'><strong>putat,</strong></span> <span class='ocrx_word' id='word_1_482' title='bbox 1173 4204 1327 4260; x_wconf 91' lang='lat' dir='ltr'><strong>Haenelins</strong></span> <span class='ocrx_word' id='word_1_483' title='bbox 1345 4222 1410 4260; x_wconf 91' lang='lat' dir='ltr'><strong>vero</strong></span> <span class='ocrx_word' id='word_1_484' title='bbox 1422 4202 1532 4259; x_wconf 85' lang='lat' dir='ltr'><strong>Galliae</strong></span> <span class='ocrx_word' id='word_1_485' title='bbox 1551 4200 1727 4257; x_wconf 89' lang='lat' dir='ltr'><strong>meridionali</strong></span> <span class='ocrx_word' id='word_1_486' title='bbox 1745 4202 1853 4257; x_wconf 87' lang='lat' dir='ltr'><strong>adiudi-</strong></span> 
     </span>
     <span class='ocr_line' id='line_1_47' title="bbox 412 4287 1855 4362; baseline -0.004 -13"><span class='ocrx_word' id='word_1_487' title='bbox 412 4297 492 4362; x_wconf 86' lang='lat' dir='ltr'><strong>cat.⁸)</strong></span> <span class='ocrx_word' id='word_1_488' title='bbox 534 4292 678 4357; x_wconf 84' lang='lat' dir='ltr'><strong>Codicum,</strong></span> <span class='ocrx_word' id='word_1_489' title='bbox 704 4291 753 4360; x_wconf 92' lang='lat' dir='ltr'><strong>qui</strong></span> <span class='ocrx_word' id='word_1_490' title='bbox 776 4290 913 4348; x_wconf 89' lang='lat' dir='ltr'><strong>Breviarii</strong></span> <span class='ocrx_word' id='word_1_491' title='bbox 940 4289 1134 4345; x_wconf 87' lang='lat' dir='ltr'><strong>additamenta</strong></span> <span class='ocrx_word' id='word_1_492' title='bbox 1161 4294 1275 4361; x_wconf 89' lang='lat' dir='ltr'><strong>sumpta</strong></span> <span class='ocrx_word' id='word_1_493' title='bbox 1301 4308 1335 4344; x_wconf 84' lang='lat' dir='ltr'><strong>ex</strong></span> <span class='ocrx_word' id='word_1_494' title='bbox 1360 4289 1469 4360; x_wconf 85' lang='lat' dir='ltr'><strong>integro</strong></span> <span class='ocrx_word' id='word_1_495' title='bbox 1492 4287 1687 4344; x_wconf 77' lang='lat' dir='ltr'><strong>Theodosiano</strong></span> <span class='ocrx_word' id='word_1_496' title='bbox 1709 4289 1855 4360; x_wconf 89' lang='lat' dir='ltr'><strong>praebent,</strong></span> 
     </span>
     <span class='ocr_line' id='line_1_48' title="bbox 411 4375 1856 4450; baseline -0.003 -16"><span class='ocrx_word' id='word_1_497' title='bbox 411 4380 610 4436; x_wconf 80' lang='lat' dir='ltr'><strong>Ambrosianus</strong></span> <span class='ocrx_word' id='word_1_498' title='bbox 628 4378 649 4434; x_wconf 80' lang='lat' dir='ltr'>C</span> <span class='ocrx_word' id='word_1_499' title='bbox 667 4380 701 4433; x_wconf 79' lang='lat'><strong>29</strong></span> <span class='ocrx_word' id='word_1_500' title='bbox 714 4378 762 4433; x_wconf 82' lang='lat' dir='ltr'><strong>ins.</strong></span> <span class='ocrx_word' id='word_1_501' title='bbox 776 4380 820 4450; x_wconf 84' lang='lat' dir='ltr'><strong>[A]</strong></span> <span class='ocrx_word' id='word_1_502' title='bbox 838 4398 859 4433; x_wconf 88' lang='lat' dir='ltr'><strong>s.</strong></span> <span class='ocrx_word' id='word_1_503' title='bbox 873 4378 920 4434; x_wconf 88' lang='lat' dir='ltr'><strong>XI.</strong></span> <span class='ocrx_word' id='word_1_504' title='bbox 938 4381 1053 4448; x_wconf 87' lang='lat' dir='ltr'><strong>propter</strong></span> <span class='ocrx_word' id='word_1_505' title='bbox 1070 4376 1247 4448; x_wconf 91' lang='lat' dir='ltr'><strong>scripturam,</strong></span> <span class='ocrx_word' id='word_1_506' title='bbox 1266 4395 1338 4446; x_wconf 87' lang='lat' dir='ltr'><strong>quac</strong></span> <span class='ocrx_word' id='word_1_507' title='bbox 1358 4375 1443 4432; x_wconf 89' lang='lat' dir='ltr'><strong>variis</strong></span> <span class='ocrx_word' id='word_1_508' title='bbox 1461 4375 1530 4432; x_wconf 91' lang='lat' dir='ltr'><strong>locis</strong></span> <span class='ocrx_word' id='word_1_509' title='bbox 1548 4379 1680 4445; x_wconf 85' lang='lat' dir='ltr'><strong>corrupta</strong></span> <span class='ocrx_word' id='word_1_510' title='bbox 1698 4378 1748 4441; x_wconf 85' lang='lat' dir='ltr'><strong>est,</strong></span> <span class='ocrx_word' id='word_1_511' title='bbox 1767 4376 1856 4446; x_wconf 91' lang='lat' dir='ltr'><strong>potis-</strong></span> 
     </span>
    </p>
   </div>
   <div class='ocr_carea' id='block_1_5' title="bbox 412 4592 1856 4736">
    <p class='ocr_par' dir='ltr' id='par_1_5' title="bbox 412 4592 1856 4736">
     <span class='ocr_line' id='line_1_49' title="bbox 501 4592 1856 4667; baseline -0.007 -13"><span class='ocrx_word' id='word_1_512' title='bbox 501 4602 520 4667; x_wconf 89' lang='lat'><strong>¹)</strong></span> <span class='ocrx_word' id='word_1_513' title='bbox 538 4604 590 4654; x_wconf 77' lang='lat' dir='ltr'><strong>cfr.</strong></span> <span class='ocrx_word' id='word_1_514' title='bbox 603 4618 670 4667; x_wconf 83' lang='lat' dir='ltr'><strong>quse</strong></span> <span class='ocrx_word' id='word_1_515' title='bbox 686 4601 783 4653; x_wconf 88' lang='lat' dir='ltr'><strong>Calisse</strong></span> <span class='ocrx_word' id='word_1_516' title='bbox 801 4600 816 4650; x_wconf 93' lang='lat' dir='ltr'><strong>l.</strong></span> <span class='ocrx_word' id='word_1_517' title='bbox 830 4617 852 4650; x_wconf 90' lang='lat' dir='ltr'><strong>e.</strong></span> <span class='ocrx_word' id='word_1_518' title='bbox 865 4597 899 4650; x_wconf 79' lang='lat'><strong>53</strong></span> <span class='ocrx_word' id='word_1_519' title='bbox 917 4606 1023 4650; x_wconf 86' lang='lat' dir='ltr'><strong>auctore</strong></span> <span class='ocrx_word' id='word_1_520' title='bbox 1035 4599 1177 4664; x_wconf 84' lang='lat' dir='ltr'><strong>Schupt&#39;ero</strong></span> <span class='ocrx_word' id='word_1_521' title='bbox 1195 4595 1261 4665; x_wconf 76' lang='lat' dir='ltr'><strong>[Atti</strong></span> <span class='ocrx_word' id='word_1_522' title='bbox 1280 4599 1348 4650; x_wconf 88' lang='lat' dir='ltr'><strong>della</strong></span> <span class='ocrx_word' id='word_1_523' title='bbox 1366 4600 1395 4649; x_wconf 80' lang='lat' dir='ltr'><strong>It.</strong></span> <span class='ocrx_word' id='word_1_524' title='bbox 1408 4598 1496 4649; x_wconf 85' lang='lat' dir='ltr'><strong>accad.</strong></span> <span class='ocrx_word' id='word_1_525' title='bbox 1515 4595 1556 4648; x_wconf 82' lang='lat' dir='ltr'><strong>dei</strong></span> <span class='ocrx_word' id='word_1_526' title='bbox 1568 4595 1665 4647; x_wconf 82' lang='lat' dir='ltr'><strong>Lincei.</strong></span> <span class='ocrx_word' id='word_1_527' title='bbox 1683 4595 1708 4646; x_wconf 80' lang='lat' dir='ltr'><strong>S.</strong></span> <span class='ocrx_word' id='word_1_528' title='bbox 1721 4595 1765 4659; x_wconf 88' lang='lat' dir='ltr'><strong>IV,</strong></span> <span class='ocrx_word' id='word_1_529' title='bbox 1784 4593 1816 4655; x_wconf 92' lang='lat' dir='ltr'><strong>cl,</strong></span> <span class='ocrx_word' id='word_1_530' title='bbox 1829 4592 1856 4644; x_wconf 88' lang='lat' dir='ltr'><strong>di</strong></span> 
     </span>
     <span class='ocr_line' id='line_1_50' title="bbox 412 4665 998 4736; baseline -0.01 -11"><span class='ocrx_word' id='word_1_531' title='bbox 412 4674 511 4725; x_wconf 77' lang='lat' dir='ltr'><strong>sciense</strong></span> <span class='ocrx_word' id='word_1_532' title='bbox 529 4673 620 4723; x_wconf 87' lang='lat' dir='ltr'><strong>morali</strong></span> <span class='ocrx_word' id='word_1_533' title='bbox 639 4672 696 4723; x_wconf 92' lang='lat' dir='ltr'><strong>Vol.</strong></span> <span class='ocrx_word' id='word_1_534' title='bbox 708 4668 770 4734; x_wconf 75' lang='lat' dir='ltr'>111ss</span> <span class='ocrx_word' id='word_1_535' title='bbox 791 4665 824 4719; x_wconf 76' lang='lat'><strong>78</strong></span> <span class='ocrx_word' id='word_1_536' title='bbox 834 4667 852 4736; x_wconf 91' lang='lat'><strong>¹]</strong></span> <span class='ocrx_word' id='word_1_537' title='bbox 871 4670 998 4736; x_wconf 83' lang='lat' dir='ltr'><strong>exposuit.</strong></span> 
     </span>
    </p>
   </div>
   <div class='ocr_carea' id='block_1_6' title="bbox 412 4760 1859 5038">
    <p class='ocr_par' dir='ltr' id='par_1_6' title="bbox 412 4760 1859 5038">
     <span class='ocr_line' id='line_1_51' title="bbox 500 4760 1855 4833; baseline -0.007 -14"><span class='ocrx_word' id='word_1_538' title='bbox 500 4768 522 4833; x_wconf 85' lang='lat'><strong>¹)</strong></span> <span class='ocrx_word' id='word_1_539' title='bbox 540 4769 592 4819; x_wconf 82' lang='lat' dir='ltr'><strong>cn.</strong></span> <span class='ocrx_word' id='word_1_540' title='bbox 611 4784 677 4833; x_wconf 87' lang='lat' dir='ltr'><strong>quas</strong></span> <span class='ocrx_word' id='word_1_541' title='bbox 695 4768 793 4817; x_wconf 83' lang='lat' dir='ltr'><strong>Patetts</strong></span> <span class='ocrx_word' id='word_1_542' title='bbox 807 4767 861 4817; x_wconf 77' lang='lat' dir='ltr'><strong>AG.</strong></span> <span class='ocrx_word' id='word_1_543' title='bbox 875 4763 908 4815; x_wconf 84' lang='lat'><strong>15</strong></span> <span class='ocrx_word' id='word_1_544' title='bbox 926 4773 951 4815; x_wconf 86' lang='lat' dir='ltr'><strong>et</strong></span> <span class='ocrx_word' id='word_1_545' title='bbox 968 4764 1095 4815; x_wconf 84' lang='lat' dir='ltr'><strong>Fournier</strong></span> <span class='ocrx_word' id='word_1_546' title='bbox 1112 4765 1139 4815; x_wconf 93' lang='lat' dir='ltr'><strong>in</strong></span> <span class='ocrx_word' id='word_1_547' title='bbox 1152 4765 1220 4815; x_wconf 78' lang='lat' dir='ltr'><strong>Ann.</strong></span> <span class='ocrx_word' id='word_1_548' title='bbox 1233 4766 1306 4816; x_wconf 85' lang='lat' dir='ltr'><strong>Grat.</strong></span> <span class='ocrx_word' id='word_1_549' title='bbox 1320 4766 1364 4825; x_wconf 85' lang='lat' dir='ltr'><strong>XI,</strong></span> <span class='ocrx_word' id='word_1_550' title='bbox 1376 4760 1427 4814; x_wconf 87' lang='grc'><strong>399</strong></span> <span class='ocrx_word' id='word_1_551' title='bbox 1445 4762 1575 4813; x_wconf 86' lang='lat' dir='ltr'><strong>dixerunt.</strong></span> <span class='ocrx_word' id='word_1_552' title='bbox 1605 4762 1645 4813; x_wconf 90' lang='lat' dir='ltr'><strong>De</strong></span> <span class='ocrx_word' id='word_1_553' title='bbox 1662 4761 1751 4828; x_wconf 84' lang='lat' dir='ltr'><strong>vigore</strong></span> <span class='ocrx_word' id='word_1_554' title='bbox 1768 4760 1855 4826; x_wconf 85' lang='lat' dir='ltr'><strong>legum</strong></span> 
     </span>
     <span class='ocr_line' id='line_1_52' title="bbox 412 4826 1858 4900; baseline -0.005 -12"><span class='ocrx_word' id='word_1_555' title='bbox 412 4840 584 4889; x_wconf 85' lang='lat' dir='ltr'><strong>Romanarum</strong></span> <span class='ocrx_word' id='word_1_556' title='bbox 607 4838 633 4887; x_wconf 89' lang='lat' dir='ltr'><strong>in</strong></span> <span class='ocrx_word' id='word_1_557' title='bbox 652 4839 733 4887; x_wconf 79' lang='lat' dir='ltr'><strong>forma</strong></span> <span class='ocrx_word' id='word_1_558' title='bbox 755 4836 818 4886; x_wconf 89' lang='lat' dir='ltr'><strong>iuris</strong></span> <span class='ocrx_word' id='word_1_559' title='bbox 835 4844 918 4886; x_wconf 85' lang='lat' dir='ltr'><strong>terrae</strong></span> <span class='ocrx_word' id='word_1_560' title='bbox 936 4830 1100 4899; x_wconf 79' lang='lat' dir='ltr'><strong>[Landrecht]</strong></span> <span class='ocrx_word' id='word_1_561' title='bbox 1123 4841 1150 4884; x_wconf 92' lang='lat' dir='ltr'><strong>et</strong></span> <span class='ocrx_word' id='word_1_562' title='bbox 1172 4835 1236 4884; x_wconf 90' lang='lat' dir='ltr'><strong>iuris</strong></span> <span class='ocrx_word' id='word_1_563' title='bbox 1259 4834 1365 4900; x_wconf 89' lang='lat' dir='ltr'><strong>originis</strong></span> <span class='ocrx_word' id='word_1_564' title='bbox 1384 4830 1570 4899; x_wconf 80' lang='lat' dir='ltr'><strong>[parstnlicbss</strong></span> <span class='ocrx_word' id='word_1_565' title='bbox 1587 4826 1679 4896; x_wconf 86' lang='lat' dir='ltr'><strong>Recht]</strong></span> <span class='ocrx_word' id='word_1_566' title='bbox 1702 4846 1748 4896; x_wconf 80' lang='lat' dir='ltr'><strong>per</strong></span> <span class='ocrx_word' id='word_1_567' title='bbox 1771 4838 1858 4895; x_wconf 81' lang='lat' dir='ltr'><strong>partes</strong></span> 
     </span>
     <span class='ocr_line' id='line_1_53' title="bbox 413 4900 1859 4972; baseline -0.006 -14"><span class='ocrx_word' id='word_1_568' title='bbox 413 4909 619 4968; x_wconf 73' lang='lat' dir='ltr'><strong>helioscopios,</strong></span> <span class='ocrx_word' id='word_1_569' title='bbox 643 4922 711 4972; x_wconf 87' lang='lat' dir='ltr'><strong>qnae</strong></span> <span class='ocrx_word' id='word_1_570' title='bbox 729 4905 874 4971; x_wconf 89' lang='lat' dir='ltr'><strong>nuperrime</strong></span> <span class='ocrx_word' id='word_1_571' title='bbox 892 4905 920 4953; x_wconf 86' lang='lat' dir='ltr'><strong>C.</strong></span> <span class='ocrx_word' id='word_1_572' title='bbox 938 4905 1082 4967; x_wconf 87' lang='lat' dir='ltr'><strong>Neumeyer</strong></span> <span class='ocrx_word' id='word_1_573' title='bbox 1099 4900 1161 4954; x_wconf 88' lang='lat' dir='ltr'><strong>‘Dis</strong></span> <span class='ocrx_word' id='word_1_574' title='bbox 1179 4903 1419 4969; x_wconf 86' lang='lat' dir='ltr'><strong>gcmeinrechtliche</strong></span> <span class='ocrx_word' id='word_1_575' title='bbox 1438 4900 1623 4967; x_wconf 81' lang='lat' dir='ltr'><strong>Eutwicklnng</strong></span> <span class='ocrx_word' id='word_1_576' title='bbox 1643 4900 1688 4951; x_wconf 86' lang='lat' dir='ltr'><strong>des</strong></span> <span class='ocrx_word' id='word_1_577' title='bbox 1710 4900 1859 4950; x_wconf 84' lang='lat' dir='ltr'><strong>irrtcrnstio·</strong></span> 
     </span>
     <span class='ocr_line' id='line_1_54' title="bbox 412 4968 1609 5038; baseline -0.005 -11"><span class='ocrx_word' id='word_1_578' title='bbox 412 4977 490 5028; x_wconf 85' lang='lat' dir='ltr'><strong>nalen</strong></span> <span class='ocrx_word' id='word_1_579' title='bbox 507 4977 682 5027; x_wconf 82' lang='lat' dir='ltr'><strong>Privatrecbts</strong></span> <span class='ocrx_word' id='word_1_580' title='bbox 699 4976 752 5026; x_wconf 91' lang='lat' dir='ltr'><strong>und</strong></span> <span class='ocrx_word' id='word_1_581' title='bbox 771 4974 940 5025; x_wconf 77' lang='lat' dir='ltr'><strong>Sualrecbtes</strong></span> <span class='ocrx_word' id='word_1_582' title='bbox 958 4974 998 5023; x_wconf 91' lang='lat' dir='ltr'><strong>bis</strong></span> <span class='ocrx_word' id='word_1_583' title='bbox 1016 4968 1145 5022; x_wconf 83' lang='lat' dir='ltr'><strong>Bartolus&#39;</strong></span> <span class='ocrx_word' id='word_1_584' title='bbox 1162 4969 1251 5038; x_wconf 81' lang='lat'>(1901)</span> <span class='ocrx_word' id='word_1_585' title='bbox 1271 4972 1465 5038; x_wconf 85' lang='lat' dir='ltr'><strong>diligentissime</strong></span> <span class='ocrx_word' id='word_1_586' title='bbox 1482 4970 1609 5037; x_wconf 74' lang='lat' dir='ltr'><strong>exposuit</strong></span> 
     </span>
    </p>
   </div>
   <div class='ocr_carea' id='block_1_7' title="bbox 414 5063 1858 5277">
    <p class='ocr_par' dir='ltr' id='par_1_7' title="bbox 414 5063 1858 5277">
     <span class='ocr_line' id='line_1_55' title="bbox 501 5063 1858 5137; baseline -0.006 -15"><span class='ocrx_word' id='word_1_587' title='bbox 501 5072 521 5135; x_wconf 83' lang='lat'><strong>⁸)</strong></span> <span class='ocrx_word' id='word_1_588' title='bbox 539 5072 663 5122; x_wconf 85' lang='lat' dir='ltr'><strong>Memoria</strong></span> <span class='ocrx_word' id='word_1_589' title='bbox 684 5072 791 5137; x_wconf 87' lang='lat' dir='ltr'><strong>dignum</strong></span> <span class='ocrx_word' id='word_1_590' title='bbox 814 5079 853 5120; x_wconf 85' lang='lat' dir='ltr'><strong>est</strong></span> <span class='ocrx_word' id='word_1_591' title='bbox 875 5076 927 5119; x_wconf 89' lang='lat' dir='ltr'><strong>tres</strong></span> <span class='ocrx_word' id='word_1_592' title='bbox 944 5067 1012 5118; x_wconf 89' lang='lat' dir='ltr'><strong>locos</strong></span> <span class='ocrx_word' id='word_1_593' title='bbox 1035 5084 1068 5116; x_wconf 86' lang='lat' dir='ltr'><strong>ex</strong></span> <span class='ocrx_word' id='word_1_594' title='bbox 1087 5066 1143 5132; x_wconf 90' lang='lat' dir='ltr'><strong>lege</strong></span> <span class='ocrx_word' id='word_1_595' title='bbox 1161 5068 1275 5117; x_wconf 84' lang='lat' dir='ltr'><strong>Romana</strong></span> <span class='ocrx_word' id='word_1_596' title='bbox 1292 5067 1408 5117; x_wconf 88' lang='lat' dir='ltr'><strong>Curicnsi</strong></span> <span class='ocrx_word' id='word_1_597' title='bbox 1426 5067 1453 5116; x_wconf 89' lang='lat' dir='ltr'><strong>in</strong></span> <span class='ocrx_word' id='word_1_598' title='bbox 1472 5064 1587 5131; x_wconf 84' lang='lat' dir='ltr'><strong>capitula</strong></span> <span class='ocrx_word' id='word_1_599' title='bbox 1605 5063 1709 5115; x_wconf 78' lang='lat' dir='ltr'><strong>lodoici</strong></span> <span class='ocrx_word' id='word_1_600' title='bbox 1727 5064 1858 5115; x_wconf 70' lang='lat' dir='ltr'><strong>bansiim</strong></span> 
     </span>
     <span class='ocr_line' id='line_1_56' title="bbox 414 5134 1858 5207; baseline -0.006 -15"><span class='ocrx_word' id='word_1_601' title='bbox 414 5141 552 5207; x_wconf 85' lang='lat' dir='ltr'><strong>eademque</strong></span> <span class='ocrx_word' id='word_1_602' title='bbox 565 5141 622 5205; x_wconf 85' lang='lat' dir='ltr'><strong>lege</strong></span> <span class='ocrx_word' id='word_1_603' title='bbox 635 5144 759 5205; x_wconf 85' lang='lat' dir='ltr'><strong>quaedam</strong></span> <span class='ocrx_word' id='word_1_604' title='bbox 773 5140 863 5191; x_wconf 87' lang='lat' dir='ltr'><strong>Italiae</strong></span> <span class='ocrx_word' id='word_1_605' title='bbox 881 5146 978 5190; x_wconf 84' lang='lat' dir='ltr'><strong>statuta</strong></span> <span class='ocrx_word' id='word_1_606' title='bbox 997 5146 1026 5187; x_wconf 86' lang='lat' dir='ltr'><strong>ut</strong></span> <span class='ocrx_word' id='word_1_607' title='bbox 1038 5136 1118 5185; x_wconf 87' lang='lat' dir='ltr'><strong>Vallis</strong></span> <span class='ocrx_word' id='word_1_608' title='bbox 1130 5136 1246 5187; x_wconf 78' lang='lat' dir='ltr'><strong>&#39;I&#39;ellinac</strong></span> <span class='ocrx_word' id='word_1_609' title='bbox 1264 5138 1290 5187; x_wconf 90' lang='lat' dir='ltr'><strong>in</strong></span> <span class='ocrx_word' id='word_1_610' title='bbox 1309 5136 1457 5187; x_wconf 88' lang='lat' dir='ltr'><strong>ordinandis</strong></span> <span class='ocrx_word' id='word_1_611' title='bbox 1469 5135 1533 5187; x_wconf 86' lang='lat' dir='ltr'><strong>iaris</strong></span> <span class='ocrx_word' id='word_1_612' title='bbox 1544 5134 1636 5186; x_wconf 83' lang='lat' dir='ltr'><strong>dotalis</strong></span> <span class='ocrx_word' id='word_1_613' title='bbox 1651 5134 1858 5184; x_wconf 84' lang='lat' dir='ltr'><strong>institutionibus</strong></span> 
     </span>
     <span class='ocr_line' id='line_1_57' title="bbox 414 5202 1089 5277; baseline -0.01 -16"><span class='ocrx_word' id='word_1_614' title='bbox 414 5212 470 5262; x_wconf 88' lang='lat' dir='ltr'><strong>nisa</strong></span> <span class='ocrx_word' id='word_1_615' title='bbox 488 5227 544 5261; x_wconf 88' lang='lat' dir='ltr'><strong>esse</strong></span> <span class='ocrx_word' id='word_1_616' title='bbox 562 5208 667 5277; x_wconf 85' lang='lat' dir='ltr'><strong>[Conrat</strong></span> <span class='ocrx_word' id='word_1_617' title='bbox 684 5211 703 5272; x_wconf 92' lang='lat' dir='ltr'><strong>I,</strong></span> <span class='ocrx_word' id='word_1_618' title='bbox 716 5206 775 5273; x_wconf 73' lang='lat'><strong>285,</strong></span> <span class='ocrx_word' id='word_1_619' title='bbox 795 5209 915 5260; x_wconf 82' lang='lat' dir='ltr'><strong>Voltclini</strong></span> <span class='ocrx_word' id='word_1_620' title='bbox 934 5209 950 5257; x_wconf 92' lang='grc'><strong>1.</strong></span> <span class='ocrx_word' id='word_1_621' title='bbox 963 5224 985 5258; x_wconf 90' lang='lat' dir='ltr'><strong>c.</strong></span> <span class='ocrx_word' id='word_1_622' title='bbox 1003 5204 1048 5256; x_wconf 77' lang='lat'><strong>154</strong></span> <span class='ocrx_word' id='word_1_623' title='bbox 1060 5202 1089 5270; x_wconf 79' lang='lat'><strong>⁴].</strong></span> 
     </span>
    </p>
   </div>
   <div class='ocr_carea' id='block_1_8' title="bbox 501 5301 1271 5467">
    <p class='ocr_par' dir='ltr' id='par_1_8' title="bbox 501 5301 1271 5467">
     <span class='ocr_line' id='line_1_58' title="bbox 501 5301 1271 5371; baseline -0.006 -15"><span class='ocrx_word' id='word_1_624' title='bbox 501 5305 522 5371; x_wconf 83' lang='lat'><strong>⁴)</strong></span> <span class='ocrx_word' id='word_1_625' title='bbox 540 5307 593 5357; x_wconf 85' lang='lat' dir='ltr'><strong>Cir.</strong></span> <span class='ocrx_word' id='word_1_626' title='bbox 612 5308 754 5356; x_wconf 86' lang='lat' dir='ltr'><strong>Mommsen</strong></span> <span class='ocrx_word' id='word_1_627' title='bbox 772 5305 798 5354; x_wconf 92' lang='lat' dir='ltr'><strong>in</strong></span> <span class='ocrx_word' id='word_1_628' title='bbox 816 5305 857 5355; x_wconf 89' lang='lat' dir='ltr'><strong>his</strong></span> <span class='ocrx_word' id='word_1_629' title='bbox 874 5304 974 5369; x_wconf 89' lang='lat' dir='ltr'><strong>Proleg.</strong></span> <span class='ocrx_word' id='word_1_630' title='bbox 993 5301 1110 5353; x_wconf 84' lang='lat' dir='ltr'><strong>LXXIV.</strong></span> <span class='ocrx_word' id='word_1_631' title='bbox 1128 5301 1225 5352; x_wconf 87' lang='lat' dir='ltr'><strong>LXVII</strong></span> <span class='ocrx_word' id='word_1_632' title='bbox 1234 5318 1271 5367; x_wconf 88' lang='lat' dir='ltr'><strong>sq.</strong></span> 
     </span>
     <span class='ocr_line' id='line_1_59' title="bbox 502 5398 906 5467; baseline -0.005 -14"><span class='ocrx_word' id='word_1_633' title='bbox 502 5400 523 5467; x_wconf 82' lang='lat'><strong>⁸)</strong></span> <span class='ocrx_word' id='word_1_634' title='bbox 542 5403 641 5455; x_wconf 86' lang='lat' dir='ltr'><strong>Haensl</strong></span> <span class='ocrx_word' id='word_1_635' title='bbox 658 5402 734 5453; x_wconf 87' lang='lat' dir='ltr'><strong>LRV.</strong></span> <span class='ocrx_word' id='word_1_636' title='bbox 753 5401 845 5452; x_wconf 74' lang='lat' dir='ltr'><strong>XLIX</strong></span> <span class='ocrx_word' id='word_1_637' title='bbox 865 5398 906 5451; x_wconf 79' lang='lat'><strong>12.</strong></span> 
     </span>
    </p>
   </div>
   <div class='ocr_carea' id='block_1_9' title="bbox 0 0 2275 6116">
    <p class='ocr_par' dir='ltr' id='par_1_9' title="bbox 0 0 2275 6116">
     <span class='ocr_line' id='line_1_60' title="bbox 0 0 2275 6116; baseline 0 0"><span class='ocrx_word' id='word_1_638' title='bbox 0 0 2275 6116; x_wconf 95' lang='lat' dir='ltr'><strong> </strong></span> 
     </span>
    </p>
   </div>
  </div>
 </body>
</html>
