4517 6125
1012 586 1045 597 -
1081 556 1180 611 CLVII
1215 588 1248 598 -

618 718 678 770 tore
696 712 811 768 missum
828 713 865 767 ad
884 711 1018 767 vicarium
1036 711 1113 768 urbis
1131 711 1235 768 Romae
1257 714 1294 768 ab
1315 714 1368 769 hoc
1391 714 1442 769 sub
1460 714 1548 784 ipsius
1566 721 1772 787 programmate
1791 737 1851 790 pro-

618 800 740 872 positum
758 817 825 855 esse.

427 891 548 954 11,12.4
578 888 704 959 praetuta
720 886 814 940 litteris
832 885 1053 939 6116661661.
1073 884 1143 952 (6166
1161 889 1190 940 61
1207 890 1307 955 annus)
1325 887 1377 942 sub
1393 886 1516 957 epistula
1533 888 1570 942 ad
1588 890 1717 945 eundem:
1735 893 1850 964 rescrip-

617 978 677 1031 tum
696 974 806 1030 videtur
823 971 997 1044 propositum
1015 989 1073 1027 esse
1094 970 1246 1028 subiuncta
1267 973 1293 1029 ei
1311 973 1447 1044 epistula,
1472 976 1508 1030 66
1530 994 1615 1045 quam
1637 976 1789 1048 imperator
1810 1000 1850 1037 re·

615 1060 737 1133 spondit.

425 1152 508 1207 Sim.
523 1150 566 1205 12:
585 1149 640 1204 661.
660 1148 740 1217 (dies)
759 1147 875 1213 11611166
893 1146 1033 1215 proposito
1053 1145 1220 1214 Kanboqiac
1242 1147 1272 1199 in
1292 1148 1351 1212 foro
1368 1147 1417 1202 6166
1433 1157 1629 1217 propensam
1647 1152 1768 1223 Porfyrii
1785 1169 1850 1220 pro·

616 1235 734 1291 cumulis
751 1234 821 1302 (dies
838 1234 984 1300 stannus)
1002 1233 1053 1287 sub
1072 1231 1196 1302 epistula
1213 1232 1281 1288 data
1298 1233 1334 1288 ad
1352 1235 1524 1304 praefectum
1543 1238 1691 1306 praetorio.

424 1325 498 1380 Nor.
511 1323 574 1378 Val.
587 1323 627 1378 111
645 1322 725 1386 22,1;
749 1321 815 1375 doto
832 1319 911 1388 (dies)
929 1319 1044 1387 Romae,
1066 1334 1118 1374 occ.
1136 1318 1216 1388 (6166)
1237 1319 1338 1375 Romus
1359 1321 1478 1390 (annus);
1499 1324 1640 1391 61666166
1660 1325 1692 1378 ia
1712 1327 1774 1391 foro
1796 1327 1850 1381 dici

620 1409 734 1464 11616111
746 1407 827 1476 (6166)
841 1407 962 1462 anulare
973 1406 1059 1461 661616
1071 1405 1165 1460 Albini
1181 1408 1206 1461 6.
1219 1413 1241 1462 c.
1254 1407 1351 1462 11611161
1359 1413 1417 1478 666
1427 1413 1452 1463 61
1461 1409 1573 1476 masur·
1584 1411 1635 1466 sub
1648 1412 1849 1471 constitutione

615 1495 701 1552 missa
718 1496 755 1550 ad
772 1494 897 1549 6666616.
924 1491 1059 1548 Similiter
1075 1494 1152 1558 20,1.
1170 1494 1246 1556 24,1.

425 1584 499 1639 Nor.
515 1583 576 1639 Val.
594 1583 635 1638 111
652 1583 732 1644 26,l:
759 1581 815 1636 aaa
834 1580 915 1650 (6166)
935 1580 1080 1635 Rom
1103 1582 1227 1647 (annusl;
1250 1596 1296 1649 pp.
1321 1580 1353 1634 16
1375 1581 1437 1647 soro
1457 1581 1671 1654 1161661(6166)
1693 1585 1743 1640 aab
1765 1587 1850 1643 edicto

613 1669 736 1724 Firmiai
752 1685 774 1722 6.
787 1668 835 1722 inl.
853 1673 906 1736 ᾒῖο
922 1667 974 1721 666
993 1665 1194 1723 constitutione
1212 1667 1281 1723 data
1298 1667 1334 1722 ad
1352 1667 1477 1723 eundem.

407 1771 635 1841 subscriptiones
652 1773 706 1828 hae
724 1771 778 1828 etsi
796 1790 829 1828 ex
848 1775 929 1841 parte
947 1768 1049 1826 dubiae
1067 1772 1097 1825 et
1114 1768 1238 1826 incertae
1256 1770 1436 1839 aliquatenus
1454 1772 1610 1838 declarant,
1628 1775 1766 1842 quomodo
1790 1776 1848 1831 fieri

406 1857 547 1927 66166111,
569 1862 603 1914 61
624 1858 762 1929 rescripta
779 1859 884 1913 Romae
908 1860 1128 1928 proponerentur
1151 1856 1219 1911 6616
1241 1857 1277 1912 66
1299 1857 1482 1929 magistratus
1504 1858 1702 1930 provinciales,
1726 1864 1847 1934 exempli

405 1959 493 1998 66666
510 1945 547 1998 ad
564 1944 733 2002 rationalem
751 1944 862 2000 Africae
880 1943 1009 2013 (10,1,2).

493 2047 661 2105 Scriniorum
678 2048 935 2118 tabulariorumque
952 2047 1121 2104 mentionem
1139 2048 1357 2120 subscriptiones
1375 2068 1429 2105 nou
1447 2051 1567 2117 faciunt,
1591 2052 1645 2107 nisi
1664 2053 1737 2122 quod
1755 2055 1792 2109 ad
1811 2073 1845 2112 ea

406 2135 547 2208 pertinere
572 2133 682 2192 videtur
707 2134 790 2191 unica
814 2134 983 2206 subscriptio
1007 2140 1108 2204 1666116
1132 2136 1296 2205 (11,28,14;
1325 2136 1359 2191 61.
1382 2138 1610 2194 6662666611
1630 2140 1725 2205 l,l,6:
1751 2146 1849 2209 reposto

404 2221 571 2277 6166166661
588 2222 760 2291 efficiemus),
779 2221 853 2291 quod
870 2220 945 2277 redit
961 2221 990 2275 in
1009 2220 1211 2278 constitutione
1224 2220 1340 2277 Houorii
1358 2240 1383 2277 a.
1395 2223 1446 2277 417
1459 2227 1571 2280 servata
1588 2223 1618 2280 in
1637 2243 1750 2296 corpore
1769 2245 1848 2282 cano-

406 2327 473 2364 num
497 2308 652 2365 Pithoeano
678 2308 748 2377 (666
767 2307 854 2362 Ρ6116.
874 2307 952 2372 1664,
978 2307 1106 2363 11666666
1127 2307 1237 2377 91661166
1260 2326 1287 2378 p.
1303 2309 1376 2377 604):
1401 2315 1528 2378 1666616111
1551 2310 1700 2366 1161166666
1723 2311 1795 2380 (6166
1819 2316 1849 2367 61

405 2394 515 2462 annus).
554 2393 774 2451 constitutiones
796 2397 890 2449 tamen
917 2393 954 2448 ad
980 2392 1163 2463 magistratus
1186 2393 1280 2465 plures
1305 2394 1387 2449 datas
1415 2394 1504 2450 eodem
1528 2398 1659 2468 66611616,
1687 2397 1762 2466 6666
1786 2416 1849 2453 1616

404 2479 545 2552 reperitur
562 2481 727 2538 6666161661
745 2480 774 2536 16
787 2479 980 2536 'theodosiano
997 2479 1031 2547 (1,
1043 2480 1092 2545 s,1
1114 2508 1145 2520 -
1164 2480 1188 2545 6,
1198 2480 1266 2545 28,8
1284 2510 1318 2520 -
1336 2481 1361 2545 8,
1370 2482 1395 2544 4,
1404 2482 1440 2538 30
1458 2513 1491 2522 -
1509 2484 1610 2550 8,1,11
1630 2514 1663 2524 -
1684 2484 1723 2549 11,
1733 2484 1848 2553 269-

406 2568 565 2637 12,1,187),
586 2566 759 2637 frequentius
776 2566 806 2621 16
824 2565 943 2623 66161116
960 2565 1110 2623 Theodosii
1129 2567 1167 2633 II,
1186 2566 1336 2632 Marciani,
1355 2566 1516 2634 iustiniani,
1538 2568 1662 2625 dubitari
1680 2588 1736 2625 non
1754 2573 1848 2641 potest

404 2653 596 2726 proficiscier
614 2652 926 2726 ipsisscriuiissacris;
949 2654 1023 2722 quod
1047 2657 1143 2709 tamen
1164 2672 1219 2709 non
1237 2654 1404 2710 trahendum
1422 2658 1466 2711 est
1487 2654 1588 2712 adeas
1610 2656 1700 2729 leges,
1724 2674 1797 2726 6666
1819 2657 1847 2711 16

405 2741 469 2812 ipsa
486 2740 670 2813 inscriptione
688 2742 781 2812 plures
798 2740 981 2812 magistratus
998 2738 1265 2809 661616661(6,23,1
1282 2772 1315 2781 -
1327 2741 1351 2805 6,
1361 2741 1402 2805 26,
1415 2742 1446 2796 11
1459 2769 1491 2780 -
1504 2743 1528 2808 6,
1539 2742 1580 2808 60,
1590 2743 1622 2797 21
1636 2773 1670 2783 -
1684 2743 1801 2810 11,11,3
1815 2775 1847 2784 -

407 2829 524 2895 12,1,11
544 2858 577 2869 -
597 2829 638 2897 16,
647 2830 672 2894 5,
681 2828 715 2882 42
733 2857 766 2868 -
787 2827 919 2895 16,10,11
940 2844 974 2867 -·-
994 2827 1033 2892 16,
1044 2827 1085 2892 10,
1095 2827 1144 2895 16).

492 2933 619 3002 Denique
635 2932 807 2989 descendant
824 2950 857 2987 ex
875 2930 985 2987 scriniis
1002 2947 1114 2987 necesse
1132 2934 1176 2987 661
1193 2949 1285 3002 66666
1296 2949 1368 3001 quae
1385 2931 1562 3002 reperiuntur
1574 2937 1699 2989 actorum
1716 2952 1847 3005 apospas-

405 3020 494 3077 166116
510 3019 623 3092 6166616
640 3037 690 3092 661
707 3018 940 3090 interrogationes
958 3022 987 3075 et
1004 3016 1208 3089 responsiones,
1231 3017 1408 3075 Constantini
1426 3017 1493 3084 duo,
1520 3019 1639 3076 alterum
1657 3020 1682 3086 8,
1693 3021 1757 3085 15,1
1778 3019 1847 3076 iudi-

406 3106 485 3172 ciale,
503 3105 553 3163 ubi
570 3105 724 3177 imperator
735 3104 860 3175 loquitur
872 3105 979 3170 Latine,
998 3104 1103 3162 Graece
1115 3103 1217 3161 mulier
1228 3104 1366 3174 quaedam
1384 3104 1413 3160 in
1431 3104 1566 3161 iudicium
1578 3107 1708 3174 6666616,
1727 3108 1846 3164 61161661

406 3193 430 3257 ’1,
439 3193 508 3257 2112
526 3196 679 3257 castrense,
702 3191 751 3248 ubi
769 3192 922 3262 imperator
938 3190 1098 3261 ‘principia’
1112 3190 1202 3247 intrat
1220 3194 1249 3247 et
1266 3191 1439 3246 acclamatus
1457 3210 1475 3246 a
1491 3191 1632 3248 militibus
1650 3212 1713 3254 6661
1731 3192 1767 3247 116
1785 3211 1846 3249 666-

406 3278 539 3348 loquitur;
552 3297 638 3335 unum
650 3278 753 3334 Iuliani
767 3281 807 3344 11,
817 3278 858 3344 69,
869 3281 898 3343 5;
917 3296 1002 3332 66616
1016 3277 1114 3342 1,22,4
1127 3277 1270 3343 Gratiani,
1283 3278 1337 3333 duo
1349 3280 1383 3347 (4,
1393 3279 1461 3342 20,3
1476 3308 1505 3318 -
1521 3281 1561 3342 11,
1571 3280 1613 3348 39,
1623 3281 1651 3348 8)
1662 3280 1812 3336 Theodosii
1826 3281 1846 3344 1,

405 3383 477 3435 6666
495 3365 588 3422 omnia
605 3364 913 3421 666166116616161661
930 3363 967 3419 ab
979 3363 1149 3433 imperatore
1166 3363 1196 3418 in
1207 3362 1371 3419 consistorio
1384 3365 1531 3433 prolatam.
1561 3365 1717 3421 Secundum
1729 3366 1846 3421 sormam

406 3450 599 3520 antiquiorem,
617 3469 689 3522 6666
706 3450 971 3517 16616661111,39,5
988 3450 1098 3519 6111666
1116 3450 1176 3506 6166
1196 3450 1280 3505 66616
1298 3450 1508 3516 6116166161,
1527 3449 1556 3505 in
1574 3451 1619 3506 his
1637 3452 1696 3507 6166
1714 3453 1846 3521 16666666

405 3537 586 3594 enuntiantur
602 3537 632 3592 16
649 3536 775 3605 6161616;
794 3540 917 3594 extremo
935 3537 996 3592 loco
1014 3535 1195 3592 inveniuntur
1212 3537 1263 3591 sub
1281 3536 1456 3607 praescripto
1474 3542 1561 3591 odam
1576 3539 1598 3604 l,
1608 3539 1649 3604 22,
1659 3539 1683 3603 4,
1702 3540 1754 3595 666
1769 3557 1846 3609 6166-

405 3623 510 3695 scripto
528 3625 602 3694 quod
620 3625 675 3680 huc
693 3642 747 3680 nou
765 3624 886 3694 6666161
903 3624 999 3678 aarum
1015 3625 1041 3691 4,
1049 3624 1119 3688 2113
1136 3654 1170 3664 -
1188 3624 1211 3689 1,
1221 3623 1262 3689 20,
1273 3616 1297 3678 2.

490 3849 728 3907 (166611161166661
740 3850 866 3922 syllegae
879 3849 1089 3905 Theudosianas
1105 3848 1262 3918 adsumptis
1276 3847 1362 3904 etiam
1381 3846 1416 3902 iis
1433 3848 1462 3901 16
1481 3847 1633 3905 6611166661
1650 3853 1774 3905 66611616
1792 3868 1846 3905 666

404 3936 536 4008 receptis,
559 3955 629 4007 quas
650 3954 705 3991 non
724 3937 859 3992 habemus
880 3936 935 3991 nisi
956 3937 985 3992 in
1004 3954 1118 4007 corpore
1137 3934 1304 4000 Iustiniano,
1326 3934 1454 3990 admissis
1478 3934 1547 3991 item
1569 3938 1628 3989 1616
1646 3935 1846 3992 Sirmoudiauis

405 4041 487 4093 quam
506 4022 571 4079 aliis
589 4022 756 4092 quibusdam
774 4041 792 4078 a
810 4022 1003 4079 Theodosiano
1021 4022 1134 4087 alienis,
1161 4022 1209 4077 666
1227 4021 1271 4076 616
1289 4020 1431 4077 6161166116
1449 4039 1499 4091 661
1516 4039 1602 4077 uncos
1621 4022 1783 4091 quadratos,
1807 4023 1845 4077 in-

405 4109 569 4179 scriptiones
588 4111 618 4164 et
634 4108 853 4179 subscriptiones
869 4109 1006 4178 66616666
1025 4112 1185 4177 tractarem,
1203 4108 1233 4163 id
1250 4112 1293 4163 661
1311 4110 1449 4177 quatenus
1467 4125 1552 4178 opera
1569 4107 1756 4178 impendenda
1772 4115 1846 4165 esset

404 4194 432 4249 in
449 4193 587 4266 personis,
610 4195 734 4264 adquae
752 4195 836 4250 datae
854 4199 930 4259 6661,
955 4194 1184 4259 determinandis,
1207 4194 1275 4250 item
1294 4193 1322 4248 in
1340 4192 1515 4264 temporibus
1533 4192 1669 4263 locisque,
1692 4211 1764 4262 quae
1783 4196 1844 4251 sub·

404 4280 511 4353 scripta
528 4284 605 4349 6661,
627 4280 818 4336 examinandis
835 4283 866 4337 61
883 4280 1061 4352 corrigendis,
1081 4281 1128 4336 diu
1147 4281 1321 4349 multumque
1340 4278 1475 4336 dubitavi
1512 4279 1591 4342 Quod
1609 4279 1633 4334 si
1651 4278 1766 4334 editoris
1784 4299 1844 4351 pro-

405 4366 497 4423 vincia
515 4385 548 4423 eo
566 4367 731 4433 continetur,
750 4371 783 4423 ut
800 4368 985 4438 archetypum
1003 4367 1069 4422 libri
1081 4372 1220 4435 66616666
1238 4367 1297 4422 fieri
1314 4369 1409 4436 661661
1426 4368 1557 4421 66661616
1572 4369 1771 4436 166166666161,
1789 4384 1845 4422 666

404 4471 505 4525 magno
528 4453 685 4510 laborares
704 4454 798 4524 perlici
816 4454 923 4525 661611;
946 4472 1010 4509 nam
1029 4471 1198 4523 quamquam
1215 4457 1274 4508 tam
1293 4451 1422 4507 librarios
1439 4469 1523 4521 quam
1542 4451 1742 4521 epitomatoree
1760 4471 1844 4523 supra

404 4538 525 4594 vidimus
546 4539 576 4594 in
598 4539 827 4611 inscriptionibus
851 4545 881 4597 et
902 4540 1154 4610 subscriptionibus
1176 4557 1230 4595 nou
1252 4538 1420 4594 abstinuisse
1444 4557 1462 4593 a
1483 4536 1647 4602 breviando,
1670 4538 1791 4594 maxime
1814 4539 1843 4594 in

404 4624 483 4680 66616
495 4624 664 4695 duplicibus,
683 4630 713 4681 et
729 4626 960 4698 interpolationes
972 4626 1058 4684 etiam
1070 4626 1211 4699 graviores
1228 4626 1258 4681 in
1270 4624 1315 4681 his
1326 4642 1436 4693 quoque
1448 4624 1496 4679 hic
1507 4624 1568 4679 illic
1579 4623 1695 4693 reperiri
1705 4627 1742 4695 (p.
1753 4625 1842 4694 CXL),

403 4715 498 4767 tamen
513 4716 547 4767 ut
564 4711 593 4766 in
606 4711 734 4768 universo
746 4731 860 4784 corpore
878 4713 920 4769 ita
939 4713 982 4769 vel
1000 4715 1119 4770 maxime
1132 4714 1162 4769 in
1173 4712 1403 4783 inscriptionibus
1417 4715 1448 4767 et
1463 4709 1715 4781 subscriptionibus
1728 4710 1843 4766 dubium

403 4814 456 4853 non
474 4802 519 4854 est
537 4796 644 4853 tradita
660 4798 697 4853 ab
715 4800 870 4870 archetypo
882 4799 1070 4855 Theodosiani
1087 4818 1142 4855 non
1160 4816 1328 4870 magnopere
1344 4797 1461 4853 differre.
1491 4796 1582 4852 Aliter
1599 4796 1682 4867 longe
1700 4797 1797 4853 evenit
1815 4795 1843 4851 16

404 4883 652 4940 constitutionibus
669 4902 720 4955 per
731 4886 820 4941 solum
832 4886 956 4942 codicem
970 4884 1155 4941 lastinianum
1167 4885 1293 4942 servatis.
1323 4884 1387 4940 Non
1398 4884 1488 4939 solum
1500 4882 1616 4938 huiusce
1631 4884 1758 4953 syllogae
1772 4900 1842 4936 conr-

403 4969 539 5039 pilatores
556 4970 674 5027 licenter
690 4989 748 5028 rem
766 4977 884 5043 egerunt
905 4975 936 5028 et
956 4971 1025 5026 locis
1047 4991 1080 5028 ex
1098 4971 1217 5027 arbitrio
1234 4971 1351 5027 16616116
1370 4973 1414 5036 (61
1433 4970 1479 5039 Op.
1497 4968 1774 5040 6666616619,21,2
1792 4987 1842 5038 616

404 5055 500 5123 Rosa
520 5057 560 5120 16,
569 5057 619 5121 8,1
639 5075 689 5127 616
708 5058 831 5122 61611116)
855 5058 1006 5129 616666116
1027 5058 1080 5122 ibi,
1103 5058 1152 5113 ubi
1174 5057 1283 5130 legibus
1301 5057 1410 5113 duabus
1428 5054 1761 5112 66616161661166616611
1780 5054 1842 5109 sub·

403 5141 550 5213 scriptioni
568 5144 646 5198 locus
664 5143 725 5198 dari
743 5145 846 5214 potuit,
864 5145 912 5200 sed
930 5144 1017 5201 611616
1035 5144 1144 5199 11616111
1161 5143 1362 5214 exemplarium
1375 5147 1530 5198 nostrorum
1542 5140 1664 5197 omnium
1676 5158 1731 5195 uno
1743 5140 1842 5210 palim-

403 5230 498 5299 666616
515 5228 667 5286 Veronensi
694 5235 811 5301 excepto
835 5235 894 5286 tam
919 5230 1116 5301 inscriptiones
1141 5248 1225 5299 quam
1251 5229 1469 5300 subscriptiones
1495 5227 1538 5283 ita
1562 5245 1673 5297 pessum
1698 5226 1841 5290 dederunt,

403 5319 436 5372 11
460 5332 545 5387 saepe
569 5333 624 5370 non
648 5317 789 5387 supersint
812 5317 867 5371 nisi
891 5317 1048 5387 particulae
1071 5316 1190 5373 mutilae
1216 5320 1245 5372 61
1266 5316 1457 5387 66116166166.
1498 5315 1650 5384 Propterea
1675 5312 1704 5367 in
1725 5313 1842 5368 elencho

403 5400 453 5476 ’661
473 5401 601 5475 66661161
617 5403 703 5461 tertio
721 5403 973 5474 subscriptionibus
990 5422 1023 5460 ex
1042 5403 1196 5460 Iustiniano
1219 5402 1375 5474 desumptis
1396 5401 1551 5461 auctoritas
1572 5398 1671 5455 addita
1693 5399 1748 5464 est,
1771 5398 1843 5455 levis

1878 2067 1991 2124 repam
