4517 6125
935 1601 1083 1668 capvt
1109 1600 1326 1667 DECIMW.

496 1774 976 1860 CONSTITVTIONVM
1008 1773 1294 1858 AVCTORES
1328 1775 1396 1856 ET
1427 1773 1772 1860 ACCEPTORES

871 1913 938 1995 ΕΤ
973 1912 1101 1994 DIES
1139 1912 1390 2011 LOCIQVE.

499 2120 719 2177 Constitutioues
737 2119 946 2189 imperatorum,
964 2137 1036 2188 quae
1054 2119 1166 2189 quidem
1192 2119 1264 2191 legis
1283 2119 1370 2174 vicem
1390 2120 1548 2186 obtineant,
1567 2120 1720 2176 excludunt
1738 2120 1852 2177 emissas

411 2209 448 2264 ad
472 2209 606 2278 privatos
649 2207 720 2261 Sane
742 2223 791 2263 eae
813 2206 867 2260 hac
891 2207 986 2260 aetate
1015 2221 1104 2273 neque
1126 2205 1220 2261 emitti
1243 2205 1384 2261 desierunt
1410 2224 1500 2275 neque
1522 2205 1631 2277 colligi,
1656 2210 1852 2263 attestantur

409 2295 548 2365 rescripta
562 2291 754 2348 Valentiniani
772 2297 802 2347 et
813 2291 943 2346 Valentis
960 2309 993 2346 ex
1005 2290 1224 2362 Hermogeniani
1242 2291 1364 2347 editione
1383 2309 1417 2346 ea
1433 2309 1518 2361 quam
1535 2292 1666 2348 adhibuit
1683 2297 1795 2363 sumpta
1814 2295 1851 2349 ab

409 2384 525 2435 auctore
544 2378 763 2434 Consultatiouis
781 2396 804 2433 c.
817 2379 841 2431 9.
878 2377 932 2432 Sed
949 2395 1012 2432 cum
1031 2376 1067 2431 iis
1085 2377 1194 2434 deesset
1211 2394 1290 2433 socru
1306 2378 1465 2448 9999911199
1483 2378 1664 2447 (119115),
1683 2379 1757 2434 inter
1775 2380 1851 2450 leges

409 2466 507 2523 referri
525 2483 580 2520 non
598 2465 760 2529 debuerunt,
779 2483 869 2534 neque
887 2468 1017 2534 receptae
1035 2468 1100 2519 sunt
1116 2464 1145 2518 iu
1157 2464 1415 2534 Theodosianum.¹)
1445 2465 1533 2536 Leges
1550 2465 1637 2535 ipsae,
1655 2465 1730 2535 quod
1747 2466 1851 2522 attinet

409 2552 446 2607 ad
463 2551 628 2622 publicandi
645 2552 769 2617 formam,
788 2550 817 2604 in
835 2551 889 2604 duo
902 2550 1105 2619 quodammodo
1117 2568 1219 2621 genera
1232 2551 1386 2618 discedunt,
1405 2551 1524 2606 alterum
1536 2568 1630 2607 earum
1643 2570 1715 2621 quae
1727 2552 1850 2609 directae

411 2638 531 2693 suntad
549 2637 684 2709 populum
702 2635 836 2707 populive
854 2640 971 2706 partem,
990 2637 1110 2692 alterum
1128 2653 1222 2692 earum
1236 2655 1308 2706 quae
1326 2637 1494 2694 emittuntur
1509 2638 1545 2693 ad
1562 2643 1688 2694 senatum
1705 2638 1850 2710 magistra·

412 2730 516 2780 tumve.
548 2725 599 2779 llle
617 2725 684 2780 ordo
701 2723 844 2792 antiquior
855 2726 898 2779 est
911 2723 1035 2794 pendens
1051 2742 1085 2778 ex
1101 2723 1162 2778 iure
1180 2723 1315 2788 edicendi,
1334 2741 1388 2793 quo
1406 2722 1588 2794 imperatores
1605 2725 1642 2780 ab
1660 2724 1722 2796 ipso
1739 2725 1851 2795 imperii

411 2810 495 2867 initio
513 2811 556 2866 usi
574 2814 648 2875 aaut,
666 2810 718 2864 boo
736 2827 821 2880 snpra
833 2814 872 2880 (p.
886 2811 989 2879 XXIX)
1007 2811 1127 2866 vidimus
1143 2811 1267 2882 incipere
1285 2830 1302 2867 a
1315 2812 1505 2878 Constantino,
1521 2811 1628 2884 qnippe
1640 2813 1688 2883 qui
1701 2813 1744 2869 ius
1757 2815 1850 2886 legum

412 2898 586 2954 ferendamm
604 2897 710 2967 primus
726 2897 921 2967 adsumpserit.
957 2897 1085 2953 Dicemus
1108 2898 1143 2954 de
1165 2899 1209 2954 his
1233 2898 1285 2964 ita,
1310 2904 1342 2955 ut
1364 2916 1459 2955 earum
1476 2917 1567 2955 rerum
1585 2898 1761 2969 potissimum
1777 2901 1850 2958 ratio

411 2985 550 3040 habeatur
567 3001 639 3053 quae
656 2984 694 3039 ad
710 2984 934 3040 'theodosianum
953 2984 1127 3054 perveniunt.

498 3089 542 3143 Ad
566 3088 660 3145 edicta
682 3088 880 3159 imperatorum
904 3088 1048 3159 pertinent
1070 3107 1104 3146 ex
1126 3090 1373 3146 constitutionibus
1398 3090 1499 3146 nostris
1525 3090 1637 3146 edictum
1663 3091 1701 3145 od
1719 3093 1850 3162 populum
1885 3092 1979 3146 Edicta

410 3176 486 3229 orbis
498 3175 809 3243 mensunusum
824 3180 848 3229 91
865 3174 901 3229 od
917 3192 1007 3230 omnes
1021 3177 1200 3245 provinciales
1211 3178 1320 3247 (4,4‚5),
1338 3176 1450 3231 91191999
1466 3176 1505 3230 ud
1517 3178 1649 3246 99991919
1665 3178 1740 3232 urbis
1752 3178 1852 3234 Rmnoe

411 3261 607 3329 (9991191991.
625 3261 714 3330 191),
738 3261 852 3317 edictum
875 3261 911 3316 od
928 3264 1058 3331 populum
1080 3263 1156 3317 urbis
1174 3262 1489 3332 Gcsuaminopotimnae
1510 3264 1566 3331 (16,
1582 3263 1607 3330 1,
1620 3265 1658 3333 2),
1683 3264 1794 3319 mictum
1814 3266 1853 3319 od

408 3349 539 3419 populum
556 3348 609 3416 (11,
619 3347 687 3413 2119
703 3348 772 3416 fin),
795 3346 880 3402 mma
897 3348 936 3402 od
948 3349 1126 3418 9999991919
1145 3348 1260 3417 (7,13,8
1278 3381 1310 3390 -
1329 3350 1354 3416 9,
1364 3350 1433 3414 216
1449 3380 1482 3389 -
1503 3349 1660 3419 10,10,13),
1687 3350 1799 3408 mictum
1816 3351 1853 3404 od

408 3435 540 3504 99991999
552 3450 605 3503 per
618 3434 770 3502 9999199199
782 3433 887 3504 lllyrici
899 3435 1099 3504 (11‚28‚9fin.),
1118 3435 1230 3490 99191999
1242 3435 1281 3489 od
1292 3436 1377 3502 Afros
1388 3435 1423 3503 (8,
1431 3437 1456 3500 4,
1465 3435 1501 3504 2),
1518 3434 1603 3489 edicto
1620 3435 1674 3490 deo
1690 3435 1728 3489 od
1739 3436 1850 3491 ltaliam

411 3527 434 3575 et
452 3522 532 3590 Alpes
550 3523 585 3587 (7,
597 3520 637 3585 18,
648 3522 682 3589 1),
701 3520 819 3576 tortasse
838 3520 905 3577 item
923 3521 1017 3577 edicta
1035 3522 1070 3576 ad
1089 3521 1214 3592 singulas
1232 3522 1405 3589 civitates‘),
1423 3524 1569 3591 praeterea
1585 3520 1669 3576 edicto
1686 3521 1759 3577 nude
1776 3539 1848 3591 quae

411 3606 541 3662 dicuutur
558 3607 593 3675 (9,
603 3606 671 3675 34,1
685 3638 717 3647 -
733 3608 773 3673 11,
784 3606 834 3675 8,4
853 3638 885 3647 -
905 3608 1021 3676 16,5,38
1039 3641 1071 3650 -
1087 3609 1125 3676 16,
1136 3609 1160 3672 6,
1169 3609 1205 3676 3),
1223 3611 1255 3663 ut
1272 3626 1462 3665 recenseamus
1478 3608 1552 3663 solas
1570 3607 1646 3678 leges
1663 3606 1750 3664 edicti
1769 3625 1849 3664 voca-

410 3693 505 3748 bulum
519 3694 723 3764 praescriptam
738 3693 887 3757 habentem
905 3694 995 3750 multo
1013 3694 1108 3764 plures
1125 3711 1158 3750 99
1176 3693 1277 3750 omisso
1294 3694 1425 3749 similiter
1435 3694 1588 3764 inscriptae
1606 3698 1802 3751 enumerantur
1818 3695 1848 3749 in

410 3778 546 3834 laterculo
564 3779 692 3835 secundo.
721 3781 822 3838 Edicta
834 3782 904 3838 haec
916 3799 1086 3851 quamquam
1104 3782 1233 3838 solebant
1251 3800 1313 3837 cum
1331 3782 1373 3847 iis,
1391 3781 1493 3852 quibus
1511 3783 1654 3840 destinata
1670 3788 1758 3849 erant,
1777 3802 1848 3840 com-

409 3864 545 3920 municari
563 3866 677 3935 publice
694 3867 840 3938 proposita
858 3885 908 3939 per
919 3868 1109 3940 magistratus,
1129 3869 1294 3939 praesertim
1307 3870 1448 3940 praesides
1461 3869 1674 3941 provinciarum,
1693 3870 1721 3924 in
1739 3869 1774 3924 iis
1792 3870 1847 3940 ipsi

409 3951 592 4022 imperatores
609 3952 684 4009 cives
700 3955 889 4024 adloquuntur
906 3958 1016 4011 utentes
1034 3974 1088 4010 uno
1106 3956 1168 4011 loco
1186 3956 1310 4024 (8‚11‚2)
1328 3957 1398 4012 adeo
1415 3957 1504 4012 forma
1521 3956 1669 4027 epistulari
1681 3957 1771 4025 (impp.
1784 3973 1847 4025 pro

407 4040 566 4094 9199191199
578 4041 689 4095 coloten
701 4041 809 4112 diescat)
826 4059 916 4111 neque
934 4042 1065 4101 videatur
1076 4042 1259 4114 magistratus
1276 4042 1320 4097 illi
1337 4044 1406 4098 baec
1425 4042 1518 4099 edicta
1536 4042 1711 4113 proposuisse
1729 4042 1847 4099 adiectis

407 4125 472 4190 9919,
491 4124 520 4180 id
532 4127 607 4195 quod
625 4126 653 4181 in
667 4127 777 4199 legibus
789 4128 826 4183 ad
837 4127 913 4198 ipsos
925 4127 1038 4184 directis
1050 4129 1216 4199 quotidiano
1232 4149 1284 4185 usu
1302 4134 1332 4186 91
1348 4130 1464 4185 fortasse
1476 4129 1604 4201 legitimo
1615 4130 1748 4185 fecerunt.
1782 4129 1847 4184 Dies

408 4212 539 4280 locusque
557 4212 586 4266 in
603 4212 704 4269 edictis
720 4213 741 4268 ii
759 4218 831 4279 suat,
844 4213 946 4284 quibus
958 4215 1109 4286 imperator
1122 4216 1197 4272 cives
1210 4216 1371 4285 adloquitur
1384 4216 1428 4271 vel
1438 4216 1590 4272 secundum
1601 4215 1747 4271 formulam
1759 4214 1846 4270 etiam

406 4301 502 4354 aetate
520 4297 701 4368 imperatoria
719 4298 854 4355 usitatam
872 4299 921 4354 ubi
939 4301 1012 4355 dicit.
1048 4302 1163 4358 Meliore
1181 4306 1306 4372 tempore
1325 4301 1344 4356 ii
1366 4320 1422 4358 non
1443 4302 1655 4357 subscribuntur
1670 4299 1774 4367 edicto,
1798 4303 1846 4357 sed

407 4382 497 4454 ipsam
510 4385 690 4456 praecedunt,
708 4390 740 4441 ut
758 4386 878 4456 exempli
897 4405 982 4443 causa
999 4387 1029 4442 iu
1047 4392 1113 4444 noto
1133 4387 1225 4444 edicto
1237 4387 1397 4444 Anaaneusi
1409 4387 1480 4454 (0.1.
1491 4388 1520 4442 L.
1531 4387 1651 4455 115050)
1667 4390 1731 4456 post
1743 4403 1846 4441 annum

406 4474 436 4526 et
451 4471 526 4527 diem
540 4474 570 4527 et
586 4472 679 4527 locum
690 4472 773 4539 (Bois
783 4473 815 4526 in
821 4474 974 4543 praetorio)
986 4474 1118 4545 leguntur
1130 4474 1227 4529 verba:
1244 4473 1356 4528 edictum
1369 4474 1412 4528 Ti.
1423 4472 1522 4527 Oioudi
1534 4516 1540 4529 .
1554 4514 1561 4527 .
1574 4513 1581 4527 .
1594 4514 1600 4527 .
1609 4473 1776 4542 propositam
1791 4472 1846 4538 sui

405 4556 435 4609 id
451 4557 524 4626 qaod
540 4557 618 4626 infra
634 4558 763 4626 temptum
780 4564 827 4624 991,
845 4558 971 4627 sequitur
983 4558 1074 4629 ipsum
1092 4559 1226 4615 edictum:
1248 4560 1291 4614 Ti.
1306 4559 1456 4614 Claudius.
1470 4600 1476 4612 .
1489 4601 1496 4615 .
1508 4558 1580 4613 dicit.
1609 4557 1846 4629 Praescriptiones

406 4642 467 4698 eius
484 4644 595 4715 3999919
612 4643 641 4698 19
659 4643 759 4700 edictis
776 4644 881 4701 aetatis
894 4644 1015 4701 labentis
1028 4646 1121 4701 nullae
1136 4645 1321 4710 inveniuntur,
1336 4647 1384 4702 sed
1396 4646 1431 4701 ad
1444 4646 1601 4715 exemplum
1614 4645 1845 4702 constitutionum

496 4819 517 4885 ι)
534 4821 735 4873 (19991119119999
756 4822 927 4873 'theodosiani
951 4839 1001 4873 non
1027 4824 1123 4874 multae
1148 4823 1360 4889 subscriptionem
1385 4823 1508 4873 habentes
1532 4823 1598 4873 tecto
1621 4820 1693 4887 apud
1717 4827 1776 4872 9919
1802 4818 1844 4883 (ci.

407 4906 431 4956 p.
445 4888 521 4955 CLV)
540 4907 704 4957 nequaquam
720 4891 772 4942 buc
789 4893 915 4958 pertinere
932 4892 1070 4944 ostendunt
1091 4910 1143 4943 non
1162 4894 1244 4944 solum
1267 4894 1425 4959 praescripta
1441 4892 1640 4959 magistratuum
1662 4892 1778 4952 nomina,
1800 4890 1844 4941 sed

404 4959 482 5011 etiam
500 4968 681 5027 argumentum
699 4963 859 5026 quarundam
877 4959 996 5027 (exempli
1015 4977 1095 5012 99999
1112 4960 1197 5023 4,6,3
1215 4988 1247 4997 -
1269 4960 1420 5026 11,lt,14).

494 5043 516 5109 ¹)
534 5046 715 5113 Inscriptionee
733 5045 770 5095 od
787 5046 894 5097 edictum
908 5046 1163 5097 Colciredenicnsium
1181 5055 1204 5097 91
1220 5046 1456 5098 Macedonieneium
1476 5045 1616 5111 (11,16,3)
1635 5054 1660 5098 et
1682 5045 1719 5095 od
1735 5044 1843 5096 edietum

404 5112 660 5179 Hdiopoiitonoram
678 5112 811 5181 (9191),
829 5116 889 5167 item
908 5116 944 5167 od
961 5115 1069 5167 edictum
1088 5117 1156 5167 nude
1175 5113 1336 5180 (12,1,7-
1354 5113 1465 5182 1991)
1483 5127 1532 5167 aut
1548 5116 1654 5168 mutilae
1672 5117 1723 5165 sint
1740 5129 1843 5165 necesse

403 5192 442 5235 eet
468 5192 513 5235 991
537 5190 686 5251 corruptas,
714 5200 772 5234 cnm
799 5185 889 5235 civitas
915 5186 1014 5236 edicere
1039 5193 1163 5251 nequeat;
1192 5202 1268 5251 quam
1293 5185 1326 5237 ob
1350 5201 1402 5235 rem
1427 5192 1473 5235 aut
1497 5201 1584 5236 earum
1609 5186 1740 5236 civitatum
1764 5185 1843 5249 magi-

403 5261 501 5306 suamc
519 5254 547 5305 19
565 5254 774 5320 inscriptionibus
789 5256 919 5320 suppressi
937 5263 1005 5318 sunt,
1023 5270 1177 5321 quamquam
1195 5270 1228 5305 ne
1246 5254 1397 5320 sicquidem
1416 5254 1576 5322 intellegitur
1586 5254 1618 5304 ad
1635 5253 1758 5304 eiusmodi
1776 5253 1843 5303 edic·

402 5332 457 5375 1999
476 5325 656 5391 imperatorem
674 5324 812 5374 rescribere
833 5323 952 5389 potuisse,
970 5323 1064 5374 autad
1076 5323 1227 5390 praepositio
1246 5324 1311 5375 male
1329 5323 1412 5374 locum
1432 5325 1549 5382 mutavit,
1567 5324 1599 5374 ad
1618 5339 1695 5389 qrram
1714 5321 1842 5373 99919919·

401 5410 456 5445 ram
474 5392 588 5444 99999119
604 5392 754 5443 constitutio
772 5399 869 5443 mutata
888 5402 927 5443 est
945 5394 971 5443 iu
990 5409 1093 5460 corpore
1111 5394 1261 5444 Iustiniano.

505 5476 611 5531 'l'aaou
626 5473 638 5527 1
1618 5489 1639 5528 a
