4517 6125
1021 592 1054 605 -
1089 561 1281 620 ccxxxvm
1315 591 1349 603 -

565 795 661 870 IMP.
680 795 903 869 lOVlANVS
930 791 1008 871 A.¹)
1040 796 1125 869 364.

579 929 599 993 ¹)
618 931 742 982 Iovianus
761 946 820 980 cnm
844 929 936 981 obierit
957 945 982 980 a
999 926 1052 980 364
1074 929 1115 980 die
1132 931 1170 981 XI
1196 931 1221 982 k.
1239 933 1330 994 Mart,
1350 930 1462 980 duarum
1485 929 1709 993 constitutionum,
1732 928 1830 994 quibus
1851 929 1919 980 eius·

618 1026 711 1060 nomen
734 1008 928 1059 Theodosianus
950 1008 1114 1072 praescrihit,
1141 1023 1206 1073 quae
1231 1008 1271 1060 his
1295 1009 1414 1074 ponimus
1435 1014 1462 1058 et
1484 1007 1534 1059 sub
1554 1008 1657 1059 nomine
1680 1007 1780 1060 Ioviani
1805 1013 1832 1058 et
1858 1006 1910 1058 sub

617 1087 799 1138 Valentiniano
819 1092 846 1135 et
859 1086 967 1136 Valente
985 1087 1128 1137 secundum
1149 1086 1263 1137 ordinem
1276 1086 1383 1149 dierum,
1401 1092 1469 1137 certe
1487 1086 1611 1152 posterior
1627 1083 1728 1152 (prioris
1740 1085 1795 1136 dies
1806 1085 1911 1136 videtur

617 1171 754 1230 corruptus
775 1162 841 1228 esse)
860 1163 938 1212 simili
955 1163 1054 1214 ratione
1077 1164 1187 1216 adeum
1204 1164 1327 1225 trahitur,
1350 1179 1403 1229 qna
1423 1163 1487 1214 anni
1503 1160 1554 1215 363
1572 1170 1699 1215 exuemus
1720 1163 1833 1229 vidimus
1853 1163 1911 1216 dari

616 1244 725 1293 Iuliano.
763 1242 903 1306 Pleraeque
921 1248 1008 1292 tamen
1025 1242 1087 1291 anni
1105 1242 1162 1293 eius
1179 1242 1362 1293 adscribuntur
1373 1241 1558 1293 Valentiniano
1575 1248 1602 1292 et
1618 1240 1730 1293 Valenti.

463 1433 524 1496 sei
548 1428 738 1495 romano
761 1431 802 1494 s.
825 1428 882 1493 ae
905 1429 1204 1495 vseaorusuo
1229 1406 1375 1495 conse.

410 1602 462 1655 364
642 1601 681 1655 x1
699 1601 726 1654 k.
739 1601 822 1655 Mart.
925 1599 983 1655 dat.
997 1599 1050 1672 [pp]
1070 1599 1236 1657 Antiochiae
1289 1599 1416 1655 Secundo
1433 1609 1485 1670 ppo
1701 1600 1726 1665 9,
1734 1600 1803 1665 2b,2

410 1703 461 1759 364
644 1704 669 1757 V
687 1705 715 1758 k.
728 1703 790 1760 Oct.
927 1704 1052 1760 Aedesae
1288 1703 1415 1758 Secundo
1433 1712 1485 1773 ppo
1702 1703 1786 1769 1,4,9

564 1918 688 1992 lMPP.
708 1918 1093 1992 VALENTINIANVS
1121 1918 1182 1991 ET
1209 1917 1395 1992 VALENS
1425 1918 1641 1991 364-367.

554 2102 574 2172 ss
593 2106 697 2171 signum
715 2106 811 2156 indicat
830 2122 888 2156 oum
900 2105 1082 2157 Valentiniano
1100 2112 1126 2156 et
1138 2105 1247 2156 Valente
1264 2105 1409 2172 nuncupari
1421 2104 1584 2156 Gratianum
1613 2105 1640 2153 Is
1657 2109 1759 2154 creatus
1770 2104 1909 2170 Augustus

459 2208 483 2243 a.
501 2189 552 2242 367
575 2209 600 2244 a.
617 2194 641 2243 d.
658 2195 733 2243 Vllll
757 2194 783 2245 le.
802 2194 870 2259 Sept.
891 2199 968 2243 antea
992 2193 1118 2243 nominari
1143 2208 1194 2244 uon
1218 2192 1319 2255 debuit,
1344 2198 1372 2243 at
1394 2207 1452 2243 cum
1475 2190 1669 2242 constitutiones
1692 2189 1909 2256 subscriptionem

460 2279 589 2330 habentes
613 2278 794 2330 Valentiniono
811 2287 835 2330 et
853 2277 959 2329 Valente
976 2295 1058 2329 conss.
1076 2285 1102 2329 ct
1124 2295 1138 2328 e
1157 2278 1231 2329 nobie
1252 2278 1302 2329 sub
1320 2293 1344 2329 a.
1357 2275 1409 2328 366
1426 2277 1583 2343 compositae
1600 2291 1695 2342 magns
1712 2291 1744 2327 ex
1762 2285 1834 2342 parts
1851 2292 1910 2343 per·

460 2366 560 2416 tineent
586 2366 621 2416 ad
645 2366 795 2417 consulatue
817 2365 934 2425 iteratos,
958 2364 1099 2415 secundum
1122 2380 1146 2415 a.
1160 2360 1219 2423 368,
1243 2363 1347 2415 tertium
1370 2358 1469 2425 saw,
1494 2368 1614 2428 quartum
1636 2377 1659 2412 a.
1672 2358 1735 2424 373,
1760 2362 1856 2427 passim
1880 2362 1909 2413 in

460 2450 588 2502 laterculo
606 2451 657 2500 iam
675 2457 735 2501 ante
752 2450 826 2502 illum
839 2451 905 2501 diem
924 2451 1034 2517 reperies
1046 2450 1242 2501 constitutiones
1254 2450 1378 2500 habentes
1396 2450 1470 2500 modo
1488 2454 1557 2500 recte
1572 2448 1647 2499 modo
1659 2462 1790 2515 perperam
1802 2448 1910 2499 nomina

460 2535 538 2586 trium
556 2538 746 2602 Augustorum,
769 2537 805 2586 ibi
829 2537 977 2603 praesertim
995 2536 1041 2587 ubi
1059 2536 1200 2587 Gratianus
1223 2543 1312 2602 utpote
1333 2536 1425 2587 consul
1442 2553 1466 2587 a.
1478 2533 1529 2586 366
1550 2535 1737 2601 subscriptione
1759 2534 1908 2585 nominatus

460 2620 582 2672 librarios
600 2622 631 2672 de
649 2637 677 2673 es
694 2622 836 2673 admonuit.
870 2624 892 2672 E
910 2623 1038 2673 contrario
1057 2622 1084 2672 in
1101 2621 1334 2687 subscriptionibus
1351 2636 1376 2671 a.
1390 2618 1441 2672 367
1460 2620 1587 2686 Lupicino
1604 2629 1630 2672 et
1646 2620 1736 2672 lorino
1754 2636 1836 2672 conen
1855 2627 1908 2672 tras

460 2714 560 2759 tantum
581 2708 777 2760 constitutiones
794 2708 1004 2775 inscriptionibus
1021 2708 1175 2760 Gratianum
1193 2708 1318 2758 inserunt

461 2896 522 2957 364
545 2893 657 2959 DIVO
686 2893 875 2959 IOVIANO
902 2894 960 2959 ΕΤ
984 2893 1282 2961 VARRONIANO
1307 2894 1453 2960 OONSS.

556 3072 679 3123 Iovianus
706 3071 770 3123 obiit
786 3072 810 3121 d.
829 3071 902 3123 Febr.
923 3069 955 3122 16
980 3072 1148 3123 Dadastanae
1172 3072 1199 3121 in
1221 3071 1357 3138 Bithynia;
1387 3071 1492 3137 eligitur
1515 3072 1654 3138 inperator
1677 3070 1789 3122 Nicaeae
1812 3071 1907 3124 Valen-

459 3157 573 3208 tinianus
584 3157 659 3208 Febr.
671 3155 717 3220 36;
736 3158 910 3209 Nicomediam
929 3159 1062 3224 ingressus
1079 3165 1118 3208 est
1130 3160 1206 3208 Mart.
1218 3158 1246 3221 l;
1264 3158 1485 3224 Constantinopoli
1502 3158 1543 3209 die
1555 3160 1630 3210 Mart.
1642 3155 1677 3209 38
1693 3160 1798 3210 hatrem
1810 3157 1908 3210 Valen-

459 3249 511 3294 tem
529 3243 579 3294 sibi
596 3244 705 3294 adscivit
722 3244 821 3310 imperii
845 3252 989 3295 consortem
1008 3245 1171 3303 (Ammianus
1188 3242 1230 3305 36,
1240 3240 1265 3305 4,
1278 3241 1318 3307 3);
1336 3244 1395 3295 inde
1413 3245 1554 3310 procedunt
1569 3246 1690 3296 Naiseum
1707 3241 1734 3309 (1
1747 3261 1768 3296 c
1782 3242 1906 3309 36,5,1),

459 3329 520 3380 hinc
538 3330 658 3380 Sirmium
677 3328 704 3394 (l.
719 3346 739 3380 c.
759 3328 801 3393 36,
813 3330 838 3392 6,
858 3328 899 3394 4);
918 3330 1029 3394 denique
1042 3330 1241 3382 Valentinianus
1259 3329 1434 3380 Mediolanum
1453 3331 1532 3393 venit,
1550 3328 1796 3397 Constantinopolim
1808 3331 1907 3384 Valens

459 3413 517 3481 (36,
529 3414 558 3480 b,
570 3415 598 3479 4)
621 3417 766 3481 ibidemque
792 3417 934 3467 hiemantes
958 3417 1120 3467 consulatum
1138 3432 1162 3466 a.
1176 3414 1228 3467 365
1246 3416 1361 3466 inierunt
1378 3415 1405 3478 (1.
1419 3432 1441 3466 c.
1458 3413 1499 3478 36,
1509 3413 1533 3478 5,
1543 3413 1578 3478 6).
1598 3442 1631 3451 -
1649 3416 1855 3483 Subscriptionee
1875 3426 1907 3470 ut

459 3519 565 3554 numero
585 3503 682 3553 multae
700 3510 769 3566 sunt,
788 3503 825 3553 ita
842 3503 947 3553 difficile
965 3504 1138 3569 explicantur.
1168 3504 1353 3567 Inscriptionee
1370 3503 1437 3553 duae
1455 3503 1530 3554 Febr.
1543 3499 1576 3552 19
1594 3508 1620 3553 et
1638 3503 1706 3569 Sept
1718 3500 1751 3552 37
1769 3504 1906 3557 Iovianum

457 3596 620 3655 nuncupant,
644 3588 760 3653 reliquae
778 3589 929 3655 incipientes
947 3605 964 3640 a
982 3592 1034 3640 lan.
1054 3589 1082 3640 ll
1103 3589 1316 3639 Valentinianum
1334 3594 1361 3639 et
1378 3587 1524 3649 Valentem3
1548 3596 1687 3653 utrumque
1709 3604 1793 3656 geum
1814 3607 1905 3655 quam-

457 3689 537 3738 quam
555 3676 624 3724 veris
645 3675 803 3740 temporibus
821 3675 980 3725 contrarium
999 3675 1058 3726 inde
1077 3675 1259 3740 explicandum
1281 3675 1343 3736 erit,
1365 3675 1433 3740 quod
1451 3676 1630 3741 compilatores
1646 3678 1722 3728 annis
1739 3678 1850 3746 singulis
1867 3681 1906 3730 in·

457 3762 609 3827 scriptiones
626 3762 742 3828 singulas
760 3767 964 3827 praeposuerunt
982 3777 1077 3827 eaeque
1102 3777 1180 3827 saepe
1196 3777 1340 3826 perversas.
1375 3756 1426 3812 Sed
1444 3769 1575 3828 praeterea
1597 3762 1648 3813 loci
1668 3763 1792 3831 adscripti
1809 3781 1907 3831 magns

457 3864 490 3898 ex
507 3856 592 3914 parte,
614 3855 644 3898 ut
660 3864 744 3898 annus
762 3849 789 3898 in
807 3848 935 3913 plerisque
953 3864 1032 3897 verue
1052 3848 1086 3898 sit
1109 3846 1145 3913 (id
1165 3848 1233 3914 qnod
1258 3857 1391 3914 propterea
1409 3848 1570 3913 crediderim,
1593 3849 1661 3914 quod
1683 3851 1736 3902 fere
1754 3868 1806 3902 nou
1823 3854 1905 3904 nomi·

457 3945 551 3987 uantur
569 3934 618 3984 nisi
636 3951 700 3999 quos
719 3934 849 3999 probabile
868 3934 901 3984 sit
922 3934 956 3984 ab
974 3933 1055 3985 altero
1080 3944 1137 3985 utro
1163 3935 1316 4000 imperatore
1338 3950 1368 3985 eo
1391 3949 1460 3986 anno
1481 3935 1564 3985 aditos
1585 3935 1665 3999 csse),
1688 3936 1715 3987 in
1738 3938 1870 3989 mensibus
1888 3954 1906 3991 a

457 4023 557 4073 traditis
575 4027 601 4072 et
618 4020 794 4087 probabilibus
818 4018 895 4085 longe
918 4020 1052 4084 recedunt,
1079 4021 1114 4071 ita
1139 4028 1169 4072 ut
1192 4020 1224 4071 iis
1245 4020 1351 4072 retentis
1372 4021 1434 4071 ordo
1456 4021 1582 4072 efficiebar
1599 4038 1660 4073 vere
1677 4022 1774 4074 nullus.
1808 4024 1909 4079 Eisone

457 4110 528 4173 locis,
547 4124 611 4174 quoe
630 4108 679 4158 hoc
695 4122 764 4157 anno
783 4112 874 4157 neuter
886 4106 1024 4171 imperator
1041 4106 1112 4169 adiit,
1132 4108 1213 4157 Roma
1224 4107 1328 4158 Arelate
1339 4107 1461 4168 Treviris,
1480 4107 1567 4158 eiectis
1585 4108 1645 4158 item
1663 4109 1703 4170 iis,
1721 4126 1786 4175 quoe
1804 4118 1907 4163 constat

458 4196 585 4262 pertinere
603 4194 636 4244 ad
655 4192 799 4251 Valentem,
821 4193 970 4244 Nicomedia
986 4193 1091 4260 Ancyra
1108 4194 1264 4256 Antiochia,
1288 4210 1341 4244 uon
1363 4193 1530 4259 improbabile
1547 4200 1586 4245 set
1604 4195 1653 4245 iter
1664 4194 1837 4248 Valentiniani
1854 4199 1906 4250 tale

458 4286 511 4334 sere
530 4282 621 4333 fuisse:
645 4279 879 4345 Constantinopolis
897 4306 931 4315 -
948 4280 1148 4346 Hadrianopolis
1166 4307 1199 4317 ·-
1217 4279 1403 4347 Philippopolis
1420 4305 1455 4315 -
1473 4281 1543 4330 Boua
1561 4282 1661 4333 mansio
1680 4279 1757 4345 (inter
1773 4283 1906 4351 Philippo·

456 4369 534 4434 polim
559 4376 586 4419 et
603 4366 744 4426 Serdicam,
767 4365 822 4414 itin.
841 4365 1012 4432 Hierosolym.
1031 4383 1056 4432 p.
1070 4364 1132 4432 567)
1152 4393 1184 4401 -
1203 4367 1307 4417 Serdica
1328 4392 1362 4403 -
1384 4365 1492 4417 Naissus
1510 4392 1543 4400 -
1561 4366 1682 4418 Sirmium
1700 4393 1733 4404 -
1751 4369 1852 4420 Emona
1871 4397 1904 4408 -

456 4454 577 4518 Aquileia
595 4480 628 4490 -
646 4453 763 4504 Altinum
782 4477 815 4486 -·
832 4452 935 4502 Verona
953 4478 985 4488 -
1004 4454 1194 4516 Mediolanum
1213 4453 1346 4504 mensibus
1364 4453 1402 4517 iis,
1421 4452 1466 4516 qui
1484 4466 1543 4501 cum
1561 4451 1611 4503 hoc
1628 4453 1759 4505 itinerario
1777 4465 1905 4522 pugnant,

455 4549 507 4591 tam
525 4541 592 4590 inira
609 4556 686 4605 quam
702 4539 735 4589 ad
754 4539 824 4604 ipsas
841 4538 912 4603 leges
929 4538 1032 4603 signum
1051 4539 1189 4591 dubitandi
1207 4540 1366 4606 adscriptum
1384 4545 1429 4589 eet

404 4691 456 4744 364
637 4691 677 4743 llI
696 4688 733 4743 id.
746 4686 850 4757 Ianl‘i]
920 4725 1081 4743 .......
1279 4688 1446 4745 Mamertino
1460 4698 1511 4760 ppo
1525 4689 1647 4760 [Italiae]
1695 4692 1736 4756 13,
1747 4693 1799 4758 3,6

404 4792 456 4845 364
637 4788 900 4861 prid.non.Fsbr.[?]
921 4789 1081 4845 Mediolano
1284 4792 1677 4864 Caesariooom.r.pr.[0cc.i]
1696 4796 1799 4861 10,1,8

404 4893 456 4948 364
634 4891 896 4963 prid.non.Febr.[i]
918 4892 1077 4948 Mediolano
1283 4895 1373 4951 ordini
1391 4896 1519 4952 civitatis
1537 4896 1656 4952 Kartha·
1713 4898 1735 4952 1
1759 4901 1798 4968 11,
1808 4899 1851 4966 30,
1860 4900 1896 4954 33

1316 4980 1391 5052 ginis
1696 4982 1734 5037 ΙΙ
1756 4986 1950 5053 -11,36,15

404 5081 456 5135 364
475 5079 604 5148 (Ioviani)
640 5080 679 5133 llI
697 5076 724 5133 lr.
737 5080 819 5134 Mart.
924 5080 981 5135 dat.
992 5080 1064 5152 [pp]
1077 5080 1244 5138 Antioohiae
1279 5085 1406 5143 &cundo
1422 5095 1474 5156 ppo
1492 5086 1638 5157 [Orientis]
1694 5088 1797 5155 uma

404 5184 456 5239 864
633 5181 720 5250 [Vllll
730 5181 767 5235 id.
775 5180 897 5252 Martii]
915 5182 1119 5253 Hadrianopoli
1279 5186 1408 5256 Ampelio
1426 5190 1586 5257 proconsuli
1694 5190 1735 5256 13,
1745 5191 1770 5259 h,
1782 5192 1815 5246 10

1314 5272 1426 5327 Africae

403 5355 456 5411 364
637 5354 708 5423 prid
718 5354 755 5410 iu
766 5352 887 5423 Martii]
917 5351 1076 5411 Mediolano
1279 5358 1430 5414 Menandro
1691 5362 1753 5431 36,
1765 5362 1796 5417 17
