4517 6125
1015 626 1048 635 —
1084 596 1174 651 LXIII
1210 628 1242 638 -

559 750 667 819 ‘Madd
687 748 811 814 iubetur,
830 749 920 806 donee
937 749 961 805 si
978 768 1034 820 qua
1052 750 1230 817 distraxerat,
1250 754 1453 823 possessoribus
1472 758 1541 812 refe·

561 837 675 905 rantur,
694 835 718 889 si
736 853 794 905 qua
811 853 877 891 vero
894 836 1011 906 praedia
1028 854 1078 892 suo
1095 836 1202 892 nomini
1221 843 1435 909 comparaverat
1454 840 1497 896 vel
1517 841 1541 895 si

559 923 639 993 ‘quas
661 923 745 979 aedes
765 924 833 991 (qua
855 921 915 979 sedi
932 923 1029 991 uara)
1050 927 1176 993 tempore
1199 942 1266 980 suae
1287 925 1539 983 administrationis

558 1010 723 1066 ‘extorserat
740 1011 911 1077 (extruxerat
922 1009 996 1079 Pa),
1020 1008 1074 1064 iuri
1095 1009 1136 1065 rei
1158 1011 1290 1081 publicae
1312 1012 1429 1081 (romani
1448 1013 1538 1083 ponti·

557 1095 627 1153 ‘ficis
644 1097 742 1169 Mart.)
761 1095 938 1152 vindicentur
956 1095 1132 1164 (uendicetur
1148 1096 1254 1167 Mam).

418 1200 446 1257 3.
464 1201 557 1273 (Hinc
572 1206 624 1266 est,
639 1203 715 1273 quod
731 1219 818 1272 usque
831 1202 868 1257 ad
881 1205 989 1257 vestrae
1001 1200 1161 1258 serenitatis
1178 1201 1361 1273 magistratus
1377 1202 1464 1258 annui
1478 1207 1538 1259 tam

557 1288 613 1344 ‘illi
634 1287 665 1343 in
686 1288 816 1358 partibus
832 1292 1046 1360 permanserunt
1068 1306 1152 1357 quam
1175 1288 1238 1346 istis
1259 1288 1289 1344 in
1312 1289 1440 1359 partibus
1462 1290 1539 1361 apud

559 1376 619 1431 ‘nos
631 1377 767 1432 hactenus
780 1392 941 1446 permanere
954 1375 1116 1445 probantur,
1135 1380 1167 1431 ut
1181 1374 1313 1432 videlicet
1330 1375 1537 1433 alternantibus

557 1461 619 1531 ‘per
636 1461 746 1517 alterna
764 1460 881 1516 ducibus
898 1461 1067 1532 temporalia
1085 1464 1236 1532 augeretur
1253 1461 1372 1517 Romani
1395 1462 1537 1532 pontificis

556 1549 753 1620 ‘potiusquam
766 1548 880 1620 perenni
889 1548 1105 1620 magistratibus
1118 1547 1148 1602 in
1160 1547 1203 1603 ius
1216 1547 1360 1618 proprium
1372 1547 1535 1619 redigatur.]

417 1645 444 1699 4.
462 1646 503 1701 ‘et
520 1644 607 1700 infra:

557 1729 641 1786 ‘Nam
659 1747 722 1786 cum
740 1747 831 1786 rerum
849 1728 985 1801 possessio
1004 1728 1062 1784 sive
1081 1727 1111 1782 in
1129 1726 1294 1784 decennium
1316 1726 1375 1782 sive
1398 1727 1427 1782 in
1447 1726 1537 1782 vicen-

557 1816 645 1873 ‘nium
656 1814 716 1872 sive
728 1815 757 1870 in
769 1813 944 1879 tricennium,
963 1813 1037 1869 sicut
1049 1815 1091 1881 (ut
1102 1813 1197 1883 Mart.)
1209 1813 1386 1885 legislatores
1403 1820 1538 1881 asserunt,

558 1902 733 1959 ‘excludatur
746 1901 790 1957 vel
808 1901 991 1966 confirmetur,
1010 1918 1100 1964 cenis,
1118 1899 1244 1970 piissime
1263 1899 1440 1970 [Christoque
1458 1901 1539 1958 devo-

556 1988 684 2059 ‘tissimel
703 1988 863 2058 imperator,
879 1990 1016 2058 quantum
1026 1990 1145 2058 (quanta
1157 1987 1262 2056 Pone)
1281 1987 1430 2057 unicuique
1444 1988 1539 2045 discri-

558 2074 650 2131 ‘minis
667 2074 769 2131 inferre
782 2073 876 2130 valeat
888 2075 932 2129 tot
944 2090 1078 2128 annorum
1090 2072 1284 2144 praescriptio,
1304 2073 1370 2128 dum
1382 2074 1537 2144 tyrannicis

556 2160 684 2218 ‘ducibus
706 2159 890 2233 magistratus
907 2158 1068 2223 continuus,
1093 2160 1178 2229 [quod
1200 2176 1219 2215 a
1241 2158 1361 2216 saeculis
1385 2179 1539 2230 numquam

556 2248 694 2306 ‘auditum
711 2247 771 2304 sive
788 2247 894 2303 lectum
910 2244 1108 2316 reminiscitur]
1127 2246 1305 2318 suffragatur.

418 2354 443 2407 5.
462 2351 639 2423 ‘praesertim
656 2369 719 2407 enm
736 2349 768 2406 in
785 2350 918 2407 Romanis
935 2349 1046 2422 legibus
1063 2352 1178 2406 cautum
1195 2350 1234 2404 sit

556 2438 601 2494 ‘ut
623 2436 654 2492 id
679 2440 790 2494 tantum
815 2438 849 2492 de
871 2454 951 2493 sacra
973 2435 1152 2507 responsione
1174 2435 1362 2492 substantiam
1388 2442 1538 2503 mutuetur,

557 2522 641 2593 ‘qnod
659 2522 753 2593 legum
772 2523 879 2579 auxilia
896 2525 1101 2593 prosequuntur
1118 2523 1314 2593 (persecuntur
1329 2523 1434 2592 Mart).

416 2624 443 2678 6.
460 2621 502 2675 ‘et
519 2619 634 2675 iterum:

556 2705 702 2762 ‘Generale
721 2708 902 2774 praeceptum
921 2703 1055 2760 beneficio
1073 2703 1192 2773 speciali
1210 2704 1421 2761 anteferendum
1439 2709 1490 2762 est.

418 2805 443 2858 1.
461 2803 502 2859 ‘et
520 2800 602 2856 illud:

556 2885 672 2942 ‘Contra
694 2883 738 2938 ins
755 2883 891 2954 rescripta
913 2901 967 2938 non
987 2885 1101 2939 valeant
1117 2884 1225 2953 (ualent
1240 2885 1347 2954 Mart),
1367 2904 1542 2957 quocumque

556 2972 649 3028 ‘modo
666 2970 771 3027 fuerint
793 2969 959 3042 impetrata:
983 2972 1057 3039 quod
1080 2970 1155 3026 enirn
1178 2971 1296 3041 publica
1319 2973 1380 3027 iura
1403 2973 1538 3043 praescri·

557 3058 646 3125 ‘bunt
664 3057 718 3114 hoc
736 3058 799 3126 (om,
812 3057 907 3126 Mars)
926 3056 1017 3129 magis
1034 3056 1112 3126 sequi
1130 3055 1237 3114 iudices
1255 3057 1365 3115 debent.

418 3157 444 3211 8.
463 3158 503 3211 'et
520 3154 606 3211 inira:

556 3239 728 3298 ‘Personalia
743 3239 889 3311 rescripta,
902 3257 973 3308 quae
989 3257 1051 3294 cum
1068 3238 1128 3295 inre
1142 3240 1319 3305 concordant,
1333 3241 1447 3297 valeant
1463 3259 1538 3298 more

556 3327 691 3383 ‘veterum
714 3328 743 3381 et
765 3323 884 3395 negotii,
908 3324 1014 3392 dequo
1035 3324 1161 3394 loquitur
1178 3329 1273 3379 nostra
1289 3325 1450 3396 rescriptio,
1473 3327 1536 3381 finis

555 3412 641 3468 ‘latae
659 3410 816 3467 sententiae
835 3409 952 3476 (sentiae
973 3410 1068 3478 Mart.)
1087 3409 1214 3465 terminis
1233 3414 1391 3476 censeatur,
1415 3412 1538 3483 speciale

553 3498 625 3565 ‘(-lcs
634 3498 731 3566 Mart.)
746 3501 840 3552 antem
854 3496 878 3549 si
891 3495 958 3564 quid
971 3496 1016 3564 (de
1029 3496 1079 3549 ias.
1089 3496 1185 3562 Mart.)
1199 3495 1309 3566 legibus
1325 3515 1359 3552 ac
1376 3497 1432 3552 iuri
1444 3501 1537 3568 portct

555 3584 713 3655 (importat
728 3583 820 3651 Mart.)
838 3581 982 3646 iniuriam,
1004 3581 1143 3637 abolitum
1167 3582 1323 3653 extirpetur
1341 3584 1474 3652 (abolitos
1492 3602 1536 3638 ex·

558 3670 657 3741 ‘tirpes
670 3670 775 3739 Mart).

417 3777 443 3831 9.
464 3772 630 3845 (Gregorius
648 3772 777 3829 hnuado
799 3771 930 3842 episcopo
954 3771 1125 3828 calaritano.
1162 3772 1305 3843 Imperiali
1330 3773 1531 3830 constitutione

556 3860 663 3930 ‘aperte
689 3858 829 3914 sancitum
847 3863 903 3922 est,
930 3861 963 3913 ut
982 3876 1028 3922 ea,
1056 3878 1128 3928 quae
1154 3864 1252 3915 contra
1274 3861 1350 3931 leges
1373 3861 1454 3926 flunt,
1481 3877 1535 3915 non

555 3945 654 4001 ‘solnm
673 3944 799 4009 inutilia,
822 3944 870 4000 sed
888 3944 974 4000 etiam
992 3963 1043 4015 pro
1061 3945 1173 4000 infectis
1191 3946 1321 4001 habenda
1339 3946 1415 4017 sint]

402 4051 443 4106 10.
460 4050 500 4105 ‘et
517 4049 617 4105 beatus
634 4047 762 4104 Gelasins
779 4047 833 4103 ait:

556 4133 635 4200 ‘Quis
652 4134 725 4190 enim
743 4137 795 4190 aut
811 4135 888 4205 leges
906 4132 1065 4203 principum
1083 4136 1134 4188 aut
1151 4138 1264 4203 patrum
1281 4133 1394 4204 regulas
1416 4137 1466 4189 aut
1488 4134 1537 4188 ad·

556 4217 734 4275 ‘monitiones
756 4220 902 4274 modernas
924 4218 1002 4273 dicat
1026 4218 1122 4285 (ducat
1138 4217 1236 4287 Mart.)
1263 4218 1362 4274 debere
1385 4220 1534 4283 contemni,

556 4304 620 4360 ‘nisi
632 4304 681 4374 qui
693 4304 861 4375 impunitum
875 4303 930 4359 sibi
943 4306 1053 4359 tantum
1066 4303 1197 4360 aestimet
1208 4304 1327 4360 transire
1340 4304 1536 4360 commissum?

405 4415 444 4469 ll.
461 4414 501 4469 ‘et
517 4410 632 4467 iterum:

557 4495 682 4566 ‘Semper
699 4493 864 4551 constitutio
882 4496 998 4564 generat
1015 4494 1154 4548 temerata
1173 4491 1334 4547 vindictam.

406 4602 446 4656 la
463 4600 558 4656 ‘Vides
573 4616 648 4670 ergo,
661 4597 701 4653 fili
714 4596 864 4662 carissime,
878 4596 945 4666 quia
957 4596 1032 4665 quod
1044 4598 1141 4651 contra
1153 4595 1230 4666 leges
1242 4614 1359 4664 usquam
1371 4604 1431 4663 (ons.
1441 4596 1537 4664 Mart.)

557 4683 663 4756 ‘agitur
681 4683 831 4754 (accipitur
843 4683 945 4751 Mon),
964 4699 1014 4751 per
1031 4681 1107 4752 leges
1126 4680 1241 4736 dissolvi
1258 4684 1386 4738 meretur.

405 4791 444 4846 13.
464 4790 554 4862 (ltem
572 4789 655 4860 longe
673 4788 802 4845 inferlm:

555 4875 601 4931 ‘lit
629 4875 709 4931 iaxta
733 4876 808 4945 quod
830 4875 909 4932 Felix
933 4875 1126 4932 sanctissimus
1151 4876 1346 4945 praedecessor
1370 4878 1464 4930 noster
1489 4874 1535 4929 ad-

557 4962 685 5027 ‘severat
703 4961 733 5016 in
749 4960 794 5017 die
813 4961 911 5017 iudicii
929 4963 1015 5018 talem
1033 4979 1051 5017 a
1068 4961 1148 5017 nobis
1166 4962 1302 5017 ambobus
1320 4960 1468 5017 ecclesiam
1480 4978 1535 5016 eer-

556 5050 626 5103 ‘tum
644 5050 694 5113 est,
713 5047 826 5117 qualem
843 5067 861 5103 a
878 5047 1008 5118 patribus
1025 5047 1193 5117 accepimus,
1211 5047 1355 5118 exigenda.

404 5155 444 5209 14.
461 5151 568 5208 ‘Etiam
585 5151 614 5206 in
633 5151 687 5206 hac
705 5151 766 5207 vita
784 5168 813 5208 se
831 5152 867 5206 ad
885 5169 948 5207 eam
965 5151 1105 5221 pertinere
1123 5154 1287 5222 cognoscat,
1307 5150 1356 5220 qui
1374 5168 1428 5205 non
1446 5151 1537 5205 solum

557 5236 710 5308 ‘plenitura
728 5237 788 5294 eius
805 5237 890 5292 noxia
902 5241 1019 5293 conatur
1031 5237 1140 5303 infame,
1160 5256 1253 5293 verum
1273 5238 1359 5292 etiam
1378 5236 1426 5305 qni
1446 5235 1535 5291 eidem

556 5322 752 5394 ‘congruentia
763 5322 923 5379 dissimulat
940 5323 1095 5395 providere,
1113 5323 1286 5380 serenissime
1305 5323 1458 5393 imperator
1471 5325 1536 5388 (non

557 5410 657 5465 ‘solum
674 5409 724 5480 qni
741 5428 768 5465 n.
783 5410 801 5464 i
820 5428 843 5465 o.
859 5428 886 5465 n.
899 5414 936 5466 et.
949 5428 976 5480 q.
994 5428 1086 5482 congr.
1105 5428 1146 5481 pr.
1165 5409 1229 5465 diss.
1252 5411 1348 5479 repetit
1365 5410 1476 5477 Mart),
1499 5406 1537 5463 ad

1605 2707 1656 2762 Th.
1672 2709 1694 2771 l,
1707 2707 1757 2772 1,4

1612 2888 1663 2942 Th.
1678 2887 1763 2951 1,2‚2

1602 3772 1751 3843 Gregorius
1784 3791 1827 3843 ep.

1604 3860 1629 3923 s,
1641 3860 1691 3915 197
1709 3876 1742 3913 ex
1760 3858 1828 3912 lust.

1609 3946 1631 4011 l,
1643 3945 1708 4011 14,5
