4517 6125
934 1505 1082 1571 OAPVT
1106 1504 1321 1580 Qvluuvu.

779 1687 1174 1768 ADDITAMENTA
1204 1686 1472 1768 BREVIARII

625 1843 837 1926 SVMPTA
867 1844 941 1926 EX
971 1843 1353 1927 THEODOSIANO
1384 1841 1631 1924 INTEGRO.

491 2039 620 2097 Alaricus
637 2058 685 2096 rer
703 2040 872 2097 breviarium
885 2039 1015 2096 emittens
1026 2040 1167 2097 iudicibus
1184 2041 1264 2113 regui
1275 2040 1485 2112 visigothorum
1498 2039 1688 2111 praescripsit,
1707 2058 1742 2096 ue
1761 2041 1849 2096 ullam

405 2125 496 2196 legent
514 2125 617 2183 inrisve
635 2127 784 2182 formulam
801 2127 831 2181 in
848 2126 916 2182 foris
933 2126 991 2181 suis
1009 2127 1132 2185 sinerent
1149 2126 1268 2198 allegari
1286 2125 1314 2181 in
1333 2143 1433 2196 corpus
1450 2126 1521 2182 illud
1539 2144 1594 2183 uon
1611 2127 1739 2183 relatam.
1776 2127 1850 2182 Huic

404 2210 479 2267 iusso
491 2213 566 2282 quod
583 2211 647 2284 ipsa
664 2212 862 2284 interpretatio
879 2214 1038 2286 refragetur
1048 2214 1194 2271 remittens
1209 2213 1254 2269 bis
1270 2214 1305 2280 (3,
1317 2214 1357 2280 13,
1367 2214 1384 2268 2
1396 2243 1426 2253 -
1442 2213 1466 2277 3,
1478 2214 1517 2279 16,
1527 2215 1554 2284 2)
1569 2214 1606 2270 ad
1617 2213 1700 2270 Pauli
1716 2231 1851 2285 responsa

404 2297 434 2353 in
452 2299 622 2356 breviarium
640 2315 694 2354 uon
713 2304 835 2371 recepte,
854 2318 938 2371 supra
956 2319 984 2371 p.
997 2299 1102 2355 XXXV
1113 2300 1274 2356 rettulimus
1292 2301 1329 2356 ad
1342 2299 1531 2356 condicionem
1543 2299 1682 2356 Breviarii
1699 2301 1737 2357 ab
1755 2304 1850 2357 aucto

403 2384 482 2441 ribus
503 2403 558 2441 uon
582 2386 742 2442 absolutam
764 2390 793 2442 ct
810 2387 1039 2458 intempestivam
1061 2387 1121 2443 eius
1139 2387 1369 2458 publicationem
1405 2387 1472 2442 Post
1488 2386 1631 2443 Alaricum
1654 2387 1725 2444 baec
1747 2389 1793 2446 lex
1817 2391 1852 2445 ut

405 2472 536 2543 putanda
552 2474 597 2530 est
614 2472 768 2529 obtinuisse
786 2472 816 2527 in
834 2474 971 2544 Hispania
989 2479 1018 2531 et
1035 2475 1065 2529 in
1082 2474 1265 2545 Septimania,
1282 2473 1326 2530 ita
1344 2474 1372 2529 in
1390 2473 1500 2544 reliqua
1511 2473 1607 2530 Gellia
1624 2491 1680 2531 non
1696 2478 1756 2530 tam
1775 2474 1851 2532 vide·

404 2562 452 2615 tur
469 2558 622 2615 exolevisse
640 2577 725 2628 quam
748 2577 899 2630 numquam
920 2563 1036 2631 recepta
1058 2578 1129 2626 esse,
1153 2560 1286 2630 quoniam
1305 2560 1414 2616 Galliae
1427 2559 1633 2631 Wisigotbicae
1655 2560 1738 2632 louge
1760 2559 1851 2614 maior

404 2663 471 2715 pars
493 2643 591 2715 paucis
613 2643 693 2700 annis
717 2650 782 2716 post
803 2645 973 2702 breviarium
990 2646 1173 2717 publicatum·
1187 2647 1353 2702 lbaucorum
1371 2645 1485 2717 regibus
1506 2645 1604 2709 cessit,
1630 2646 1666 2700 ad
1684 2645 1851 2702 Francicam

405 2735 500 2787 autem
517 2731 641 2787 Gelliam
659 2731 821 2787 interdictio
840 2733 892 2788 illu
911 2733 1072 2789 Alariciana
1089 2751 1145 2789 uon
1163 2733 1307 2804 pertinuit.
1338 2731 1457 2788 Omnino
1473 2731 1618 2788 Breviario
1639 2731 1713 2787 Galli
1732 2733 1850 2789 uteban·

405 2821 451 2872 tur
474 2835 530 2873 nou
552 2822 667 2889 propter
689 2817 794 2873 iussum
815 2818 922 2874 Alarici
930 2822 962 2888 ¹),
985 2820 1034 2875 sed
1056 2839 1107 2890 pro
1132 2821 1195 2892 lege
1219 2820 1356 2883 Romana,
1380 2818 1547 2874 adhibentes
1570 2836 1626 2874 una
1649 2836 1712 2874 cum
1734 2837 1851 2890 corpore

404 2921 438 2959 eo
460 2903 597 2974 quidquid
619 2923 652 2960 ex
676 2905 734 2961 iure
758 2905 882 2960 Romano
901 2910 1047 2976 praeterea
1069 2907 1106 2962 ad
1122 2924 1221 2962 manus
1242 2905 1309 2971 fuit,
1332 2905 1441 2962 scilicet
1459 2923 1493 2960 ea
1511 2923 1583 2974 quae
1601 2924 1664 2961 cum
1681 2923 1715 2962 eo
1733 2924 1851 2977 corpore

406 2989 514 3046 tradita
535 2990 671 3047 habemus
689 2989 805 3060 Ulpiani
826 2991 939 3063 regulas
960 2997 990 3048 et
1011 2993 1102 3064 legem
1123 2992 1352 3064 Burgundionum
1375 2993 1540 3056 Romanam,
1564 2990 1683 3048 maxime
1707 2995 1804 3048 autern
1826 2994 1850 3048 si

405 3093 475 3145 quos
498 3077 584 3134 libros
606 3077 769 3148 incorpore
792 3077 842 3132 illo
860 3077 1001 3134 breviatos
1023 3077 1101 3133 nacti
1119 3082 1183 3134 sunt
1202 3077 1339 3149 integros,
1363 3077 1445 3132 Pauli
1467 3078 1632 3142 sententias,
1656 3078 1767 3136 codices
1786 3080 1852 3137 Gre-

406 3162 552 3233 gorianum
578 3166 608 3219 et
634 3163 886 3235 Hermogenianum
911 3166 941 3219 et
970 3163 1206 3229 Theodosianum,
1234 3163 1361 3218 novellas
1388 3168 1452 3233 post
1476 3163 1699 3220 Theodosiauum
1725 3166 1851 3222 emissas.

406 3249 506 3317 Itaque
524 3249 647 3305 cuiusvis
671 3252 769 3305 horum
787 3249 921 3304 librorum
938 3248 1040 3305 editori
1058 3250 1161 3320 duplex
1185 3248 1314 3319 quaestio
1332 3248 1505 3305 instituenda
1522 3253 1577 3315 est,
1600 3251 1690 3306 altera
1708 3252 1742 3308 de
1760 3253 1852 3309 forma

406 3353 501 3391 eorum
513 3335 712 3408 Wisigotbica,
731 3337 822 3392 altera
840 3336 874 3391 de
892 3334 1093 3391 additamentis
1105 3335 1218 3391 Alarico
1236 3334 1444 3406 posterioribus,
1463 3334 1612 3405 potuitque
1630 3353 1725 3392 eorum
1743 3340 1852 3410 tempo

405 3439 465 3475 rum
491 3421 598 3492 peritus
620 3422 669 3492 qui
692 3421 811 3478 novellis
832 3419 924 3491 plenis
946 3423 1081 3478 utebatur
1101 3421 1211 3490 reliqua
1235 3439 1321 3492 opera
1346 3421 1449 3477 habere
1472 3420 1602 3478 breviata
1624 3425 1853 3494 tantummodo.¹)

406 3507 466 3561 Iarn
484 3507 573 3578 igitur
590 3525 640 3562 uos
658 3507 832 3578 procedimus
854 3507 891 3562 ad
909 3508 1091 3573 mutationes,
1113 3526 1183 3578 quae
1205 3506 1293 3562 subiit
1311 3506 1519 3563 Theodosiacus
1537 3509 1574 3563 ab
1590 3508 1704 3565 Alarico
1726 3509 1756 3565 iu
1778 3528 1852 3567 com-

406 3592 539 3663 pendium
556 3594 694 3649 redactus.

492 3731 672 3786 imminutum
691 3750 750 3789 esse
769 3732 963 3814 compendium
982 3732 1174 3788 Alaricianum
1196 3750 1247 3803 per
1264 3735 1390 3802 tempora
1408 3729 1563 3800 posteriora
1581 3729 1610 3784 in
1628 3730 1787 3788 uuiversum
1805 3753 1852 3790 ne·

405 3818 528 3888 gaudum
552 3821 606 3882 est,
632 3822 664 3873 ut
685 3818 831 3874 mittemus
854 3820 987 3875 hocloco
1009 3817 1180 3889 exemplaria
1201 3818 1350 3874 decurtata
1373 3816 1497 3885 itemque
1520 3814 1670 3886 epitomas,
1695 3818 1852 3888 dequibus

406 3908 504 3972 postea
523 3902 639 3959 dicetur.
669 3904 868 3975 Exceptiouem
888 3907 958 3961 facit
976 3924 1032 3961 una
1044 3904 1210 3961 constitutio
1223 3906 1308 3969 t,t,‘l
1326 3902 1451 3958 inlibris
1470 3902 1554 3973 longe
1572 3903 1720 3973 plerisque,
1739 3903 1853 3963 scilicet

407 3987 436 4042 in
455 3989 552 4044 classis
571 3994 681 4045 nostrae
700 3990 799 4060 prioris
812 3991 866 4046 ΝΟ
884 3996 913 4048 et
931 3991 958 4046 iu
978 3991 1104 4047 omnibus
1122 3990 1292 4061 posterioris,
1311 3988 1408 4043 finiens
1426 3988 1454 4042 iu
1473 3987 1566 4043 verbis
1584 3990 1658 4044 lucra
1676 4006 1732 4043 nort
1748 4007 1851 4061 capere,

406 4078 556 4145 propterea
568 4076 642 4145 quod
658 4075 855 4145 interpretatio
873 4078 966 4133 addit:
985 4084 1104 4133 extremo
1117 4093 1187 4145 pare
1205 4077 1268 4144 lepis
1285 4076 1341 4129 atico
1357 4091 1413 4128 nou
1429 4074 1539 4128 macer
1555 4075 1657 4143 ocrim
1674 4077 1715 4130 cel
1730 4079 1854 4145 expositu

406 4160 458 4228 (sic
471 4162 571 4230 HNB,
597 4163 694 4231 scrius
711 4166 749 4218 erl
765 4183 817 4218 om.
836 4165 961 4235 reliqui),
985 4166 1050 4234 quia
1067 4165 1168 4218 merda
1187 4165 1239 4233 leae
1257 4163 1388 4228 wisatum
1411 4164 1591 4217 scrvaveruut
1609 4161 1699 4217 recisa
1716 4179 1749 4218 ex
1768 4162 1853 4219 libris

407 4248 490 4305 hodie
508 4249 583 4305 uotis
601 4249 653 4305 soli
669 4250 763 4306 ΗΒΕ.

492 4405 754 4462 Additamentorunr
772 4407 808 4462 ad
820 4406 1044 4462 'theodosianum
1062 4406 1117 4460 duo
1135 4423 1237 4476 genera
1254 4408 1326 4467 suut,
1345 4404 1404 4458 alia
1421 4404 1457 4457 ad
1476 4405 1556 4459 tinem
1575 4403 1708 4461 breviarii
1726 4422 1852 4462 seorsum

405 4489 562 4560 adscripta,
585 4491 644 4547 alia
663 4491 718 4562 ipsi
740 4492 879 4548 breviario
901 4492 1014 4547 inserta
1050 4492 1205 4559 Utrumque
1227 4508 1315 4562 genus
1337 4505 1505 4557 quamquam
1523 4488 1609 4543 etiam
1629 4491 1666 4545 ad
1686 4491 1850 4548 decurtatos

407 4574 516 4631 codices
538 4576 672 4644 quosdam
694 4580 724 4632 ct
747 4577 856 4645 aliquas
874 4575 1013 4646 epitomas
1036 4575 1178 4646 pervenit,
1203 4580 1268 4630 autc
1291 4592 1385 4630 eorum
1407 4590 1549 4626 recensum
1572 4575 1683 4642 placuit
1704 4595 1852 4648 exponere.

406 4661 450 4715 Au
474 4661 601 4716 codicum
626 4663 786 4731 parentelas
811 4662 1036 4718 determinandas
1060 4664 1189 4717 neutrum
1212 4679 1300 4731 genus
1325 4658 1445 4713 multum
1470 4659 1576 4714 confert
1601 4667 1751 4733 propterca
1775 4667 1853 4734 quud

407 4746 609 4803 contaminatio
627 4749 827 4818 exemplarium
845 4749 874 4802 in
893 4747 1030 4804 breviario
1048 4752 1078 4804 et
1096 4751 1204 4804 mature
1222 4746 1317 4816 coepit
1336 4749 1366 4800 et
1385 4744 1442 4799 late
1461 4745 1564 4813 patuit.

493 4978 514 5043 ¹)
533 4978 618 5028 Nihilo
636 4976 721 5026 miuus
737 4973 859 5025 credibile
875 4980 915 5023 eet
930 4971 1051 5036 temporis
1068 4971 1214 5036 posterioris
1235 4969 1328 5035 peritos
1349 4984 1439 5033 parum
1457 4970 1578 5021 sollicitus
1600 4972 1632 5025 de
1650 4977 1724 5042 regni
1752 4978 1852 5032 Alarici

406 5050 501 5101 finibus
518 5047 696 5098 auctoritatem
713 5044 769 5094 eius
786 5043 820 5092 ad
836 5041 936 5093 Gallica
952 5040 1091 5091 tribunalia
1107 5040 1193 5089 omuit
1209 5037 1349 5096 rettulisse;
1372 5052 1423 5100 quo
1445 5038 1516 5088 ducit
1537 5055 1596 5091 cum
1620 5047 1763 5097 auctoritas
1793 5050 1853 5101 cius

406 5128 508 5186 recepta
520 5118 545 5168 iu
558 5115 714 5180 exemplaria
725 5112 853 5179 permulta
864 5108 1082 5161 etiamdecurtata
1093 5115 1120 5159 et
1130 5101 1428 5173 episonstslp.XXX1¹)
1438 5115 1566 5172 ⁸1¹quoe
1578 5126 1657 5177 ⁸⁰91!
1665 5109 1701 5178 (p.
1710 5115 1850 5185 XXXVII)

407 5188 599 5241 observavimus
616 5185 647 5235 de
664 5182 817 5234 austeritate
834 5196 865 5230 ea
881 5179 974 5228 iterata
990 5194 1007 5227 a
1023 5175 1117 5227 Xarolo
1136 5192 1238 5240 magne

496 5275 517 5342 s)
536 5271 654 5325 Notabile
671 5278 710 5321 est
727 5269 796 5335 quod
816 5266 842 5316 iu
861 5265 944 5330 capite
962 5270 1033 5312 sexto
1051 5261 1208 5342 ostendimus
1225 5258 1426 5310 consultationis
1435 5269 1574 5342 'aucwrem
1592 5263 1743 5320 adhibuisse
1766 5272 1852 5325 Th„

410 5348 509 5401 doshni
527 5341 711 5399 breviationem
729 5336 903 5390 Alnncitntm
921 5346 975 5384 unt
992 5347 1051 5382 cum
1068 5334 1228 5394 Grcgorrauo
1245 5335 1270 5379 et
1288 5328 1493 5395 Hermogenrsuo
1510 5332 1624 5397 integris.
