4517 6125
1038 588 1072 602 -
1108 553 1192 616 otvl
1227 586 1261 603 «-

429 721 594 788 perator-
613 716 687 784 14,3,
699 712 739 782 10,
758 714 806 773 ubi
825 713 939 773 additur
955 716 986 770 in
997 716 1127 786 Ρ661166)
1148 717 1192 773 vel
1210 717 1246 773 ad
1265 715 1400 772 vicarium
1418 713 1514 789 [urbis]
1534 710 1719 788 (13161161
1737 712 1774 775 ad
1792 729 1869 791 prae·

429 808 532 861 tectum
551 804 692 875 praetorio
711 806 849 872 (11,16,4,
868 804 917 860 ubi
929 805 1042 860 additur
1054 805 1164 874 1166166)
1179 822 1348 875 quamquam
1364 803 1578 876 magistratibus
1594 804 1748 876 inscriptae
1765 805 1870 862 rectius

428 893 580 948 referentur
597 891 671 948 inter
688 891 809 947 directas
826 893 862 947 ad
880 895 1019 956 senatum,
1042 909 1105 947 oum
1127 895 1157 948 et
1180 891 1250 948 dicti
1271 891 1455 963 magistratus
1472 891 1538 948 huic
1557 891 1682 963 opinioni
1700 893 1869 948 conveniant

432 984 461 1036 et
478 980 598 1035 formula
616 980 688 1043 16616,
706 981 841 1049 utsupra
859 977 985 1042 vidimus,
1004 978 1118 1050 propria
1136 978 1174 1034 sit
1192 978 1441 1036 constitutionibus
1459 979 1573 1036 directis
1591 980 1627 1034 ad
1645 983 1781 1036 senatum.

263 1102 412 1166 propositae
517 1099 683 1169 Propoam
700 1099 746 1155 lex
759 1116 776 1154 a
787 1097 956 1170 magistratu
969 1116 1002 1155 eo
1014 1099 1062 1169 qui
1075 1117 1138 1154 cam
1150 1098 1262 1170 accepit
1280 1099 1338 1156 sive
1356 1101 1392 1156 ab
1406 1100 1575 1170 imperatore
1593 1099 1652 1157 sive
1669 1118 1689 1155 a
1699 1100 1869 1173 magistratu

431 1186 579 1256 superiore.
614 1184 750 1256 acceptio
773 1189 803 1241 et
823 1185 979 1257 propositio
998 1184 1066 1241 licet
1087 1203 1172 1256 saepe
1190 1185 1272 1242 simul
1290 1187 1455 1258 procedant,
1478 1206 1540 1244 cum
1558 1187 1667 1259 possint
1689 1187 1749 1244 fieri
1771 1187 1870 1244 diebus

430 1274 557 1340 diversis,
582 1291 681 1345 corpus
702 1279 825 1330 nostrum
848 1274 968 1329 alteram
984 1277 1078 1329 utram
1094 1274 1183 1329 solam
1206 1272 1335 1330 enuntiat
1357 1276 1387 1328 et
1409 1273 1521 1344 saepius
1544 1273 1627 1346 longe
1649 1273 1868 1345 propositionem

430 1379 514 1432 quam
532 1358 737 1430 acceptionem,
762 1359 873 1416 omnino
892 1364 1054 1431 propterea,
1077 1361 1152 1429 quod
1169 1363 1202 1415 ut
1220 1359 1384 1417 constitutio
1404 1377 1453 1431 pro
1471 1360 1534 1433 lege
1552 1360 1721 1428 observetur,
1738 1363 1869 1433 acceptio

428 1466 484 1504 uon
506 1448 621 1514 sufficit,
645 1447 693 1502 sed
715 1445 866 1515 requiritur
886 1446 1049 1517 propositio.
1088 1445 1291 1516 Propositionis
1313 1446 1418 1502 mentio
1438 1464 1493 1503 uon
1517 1447 1550 1505 fit
1569 1446 1599 1503 in
1621 1447 1870 1505 constitutionibus

428 1535 503 1591 datis
525 1535 561 1591 ad
578 1533 728 1606 magistros
745 1532 869 1589 militum
890 1538 921 1590 61
941 1533 1214 1590 adducestortasse
1235 1551 1289 1589 nou
1308 1552 1386 1597 casu;
1409 1551 1475 1590 nam
1498 1552 1668 1604 quamquam
1689 1553 1743 1591 non
1769 1537 1869 1592 desunt

428 1621 642 1678 constitutiones
659 1620 689 1675 in
707 1619 806 1676 castris
823 1619 985 1691 propositae
1003 1619 1057 1687 (116
1079 1619 1203 1690 66161616
1220 1619 1335 1676 Traiani
1353 1621 1389 1676 61
1406 1619 1530 1677 Similem
1548 1620 1695 1692 proposita
1716 1621 1745 1676 in
1769 1621 1870 1677 castris

429 1709 570 1781 legionum
592 1706 830 1779 Aegyptiacorum
857 1708 970 1761 servata
995 1707 1039 1760 est
1065 1703 1096 1758 in
1121 1722 1229 1776 papyro
1251 1705 1429 1776 aegyptiaca
1455 1705 1543 1761 musei
1566 1705 1780 1777 Berolin.140)‚
1808 1725 1869 1779 pro

428 1793 595 1865 positionem
614 1791 845 1849 constitutionum
862 1789 1035 1848 sollemniter
1058 1789 1216 1846 ordinatam
1233 1792 1380 1861 probabile
1402 1797 1445 1849 est
1466 1791 1533 1847 toris
1557 1793 1700 1863 propriam
1721 1793 1816 1850 tuisse.
1834 1824 1868 1835 -

427 1881 468 1938 De
486 1882 548 1937 loco
569 1877 769 1952 propositionis
790 1877 819 1932 id
841 1877 933 1947 ipsum
955 1875 1065 1932 obtinet
1083 1876 1158 1946 quod
1181 1878 1215 1932 de
1235 1878 1407 1949 acceptionis
1431 1879 1492 1934 loco
1514 1877 1642 1935 diximus.
1678 1879 1769 1952 Saepe
1790 1881 1869 1937 tacta

427 1962 1050 2037 661611111666166616116166166616166166.
1087 1964 1132 2018 lta
1149 1964 1226 2035 leges
1244 1981 1262 2020 a
1279 1965 1430 2034 praesectis
1448 1963 1590 2037 praetorio
1607 1965 1708 2022 missae
1730 1967 1768 2021 ad
1785 1966 1869 2022 comi·

427 2058 485 2110 tem
502 2052 635 2117 Orientis,
658 2052 695 2107 ab
713 2051 766 2106 hoc
785 2051 821 2106 61
839 2050 1011 2105 consularem
1029 2049 1194 2115 Phoenices,
1214 2068 1232 2105 a
1250 2050 1388 2106 consulari
1406 2050 1544 2108 residente
1562 2050 1630 2122 'l'yn'
1648 2053 1685 2107 ad
1702 2052 1869 2123 Berytensee

403 2144 410 2154 ‘
427 2158 481 2195 non
499 2156 606 2210 paucae
624 2139 727 2194 adsunt
743 2137 773 2192 in
790 2137 899 2209 sylloge
917 2155 979 2191 oum
997 2134 1202 2208 subscriptione
1220 2138 1363 2207 proposita
1378 2137 1488 2208 Beryti}
1510 2137 1640 2195 similiter
1657 2138 1867 2195 constitutionis

427 2225 529 2281 Iuliani
547 2226 631 2281 datae
653 2225 690 2280 ad
707 2224 879 2296 praesectum
901 2221 1042 2293 praetorio
1062 2222 1165 2288 1‚16,8
1184 2221 1356 2294 exemplaria
1378 2226 1476 2280 extant
1498 2223 1700 2296 lapidiiucisa
1721 2225 1868 2297 proposita

427 2312 455 2366 16
479 2311 576 2366 insulis
594 2311 683 2367 Lesbo
705 2310 780 2378 (0.1.
794 2309 885 2378 L.lll,
899 2309 993 2377 14198)
1016 2313 1046 2366 61
1063 2309 1184 2380 Amorgo
1202 2309 1411 2376 (16111459).
1446 2309 1486 2365 Eo
1509 2311 1653 2368 referenda
1675 2310 1787 2368 videtur
1809 2329 1868 2368 csse

427 2399 473 2454 cui
491 2397 662 2455 Theodosius
683 2396 795 2452 obuiam
819 2396 859 2451 ire
881 2396 977 2451 studet
998 2394 1228 2451 constitutionum
1252 2394 1494 2467 imperatoriamm
1515 2396 1583 2464 fides
1605 2397 1691 2451 dubia
1714 2403 1739 2452 et
1758 2399 1869 2468 privata

425 2485 542 2540 adsertio
559 2486 679 2554 (1,1,5);
702 2502 766 2540 6661
788 2483 923 2540 eiusmodi
940 2482 1095 2554 propositio
1113 2482 1304 2553 municipalis,
1328 2482 1429 2538 similis
1451 2487 1527 2541 certe
1549 2483 1691 2554 privatae,
1717 2485 1870 2556 interpola·

426 2571 498 2628 11661
522 2570 716 2627 obnoxiaest.
739 2602 772 2611 -
795 2569 883 2641 Leges
905 2571 1100 2641 promulgatae
1122 2569 1152 2623 in
1175 2570 1243 2626 urbe
1264 2570 1353 2626 Roma
1373 2569 1478 2640 passim
1502 2570 1633 2627 dicuutur
1655 2571 1816 2642 propositae
1837 2571 1870 2625 s‘n

425 2660 487 2725 foro
503 2657 558 2712 diui
574 2657 695 2725 1161661,
714 2656 799 2712 semel
813 2657 866 2725 (13,
875 2656 899 2721 5,
910 2656 955 2720 29)
973 2656 1005 2709 in
1022 2661 1083 2726 soro
1095 2656 1260 2724 Aproniani,
1280 2656 1348 2712 item
1366 2656 1512 2727 proposita
1523 2657 1708 2713 Alexandriae
1726 2658 1779 2725 (14,
1789 2657 1831 2723 21,
1842 2659 1869 2727 1)

427 2744 810 2815 16Ε616(166,66616666111
833 2742 893 2799 eius
909 2742 1029 2797 nominis
1047 2742 1206 2798 aedificium
1229 2741 1299 2798 alibi
1322 2761 1377 2799 nou
1399 2749 1569 2800 memoratur
1589 2762 1640 2801 uec
1662 2743 1746 2799 facile
1770 2743 1870 2799 haberi

426 2830 532 2902 poterit
549 2848 599 2901 pro
617 2848 672 2885 nou
689 2829 786 2901 ignoto
806 2829 921 2902 Τυχαίῳ.

267 2958 408 3022 proclamo
512 2951 712 3008 Constitutioui
730 2969 802 3022 quae
820 2952 1026 3024 promulgatur,
1049 2954 1081 3006 ut
1103 2970 1157 3006 uon
1181 2969 1243 3006 raro
1261 2968 1333 3021 quae
1351 2951 1474 3008 eiusdem
1492 2951 1651 3024 argurmeuti
1670 2955 1756 3008 antea
1774 2952 1869 3009 editae

424 3041 500 3103 sunt,
526 3038 666 3110 repetitae
686 3038 898 3095 ‘anteferuntur’
921 3040 973 3107 (13,
983 3040 1008 3104 5,
1020 3038 1059 3094 10.
1085 3039 1126 3103 16,
1138 3039 1162 3105 5,
1172 3039 1218 3103 37;
1243 3038 1277 3093 61.
1298 3038 1337 3102 16,
1350 3038 1374 3105 2,
1387 3039 1445 3108 31),
1473 3038 1515 3094 ita
1538 3037 1721 3110 magistratus
1743 3039 1771 3096 ei
1793 3039 1868 3097 solet

424 3124 547 3180 edictum
566 3144 644 3180 suum
662 3125 829 3196 subiungere
849 3126 901 3189 vel,
920 3130 952 3181 ut
969 3126 1047 3196 leges
1065 3126 1225 3195 loquuntur,
1244 3124 1336 3181 edicto
1354 3143 1403 3180 suo
1422 3126 1651 3182 constitutionem
1664 3132 1808 3197 praesare
1822 3127 1866 3182 vel

332 3234 334 3239 ¹
423 3215 566 3281 anteferre.
603 3214 647 3266 lta
670 3211 699 3265 iu
721 3211 782 3281 ipso
807 3216 901 3268 tenore
925 3212 1019 3284 legum
1042 3212 1178 3283 praefecti
1203 3211 1343 3282 praetorio
1365 3210 1499 3267 iubentur
1521 3229 1572 3266 sua
1594 3211 1688 3268 edicta
1710 3230 1866 3284 proponere

421 3298 544 3366 61661616
564 3300 681 3352 taraone
701 3305 795 3353 nostra
816 3300 851 3366 (8,
862 3301 886 3364 5,
896 3301 924 3366 7)
946 3298 1006 3355 sive
1027 3301 1153 3369 61661616
1176 3298 1279 3353 6166611
1298 3298 1382 3352 haias
1403 3300 1561 3353 6666111616
1577 3299 1725 3369 (11,13,1).
1767 3299 1868 3357 Ρο1661

424 3389 519 3441 autem
536 3384 667 3442 similiter
690 3384 798 3441 inverso
820 3385 914 3441 ordine
937 3385 1029 3442 edicto
1051 3385 1235 3457 magistratus
1257 3385 1464 3456 promulgantis
1482 3384 1647 3441 constitutio
1664 3385 1814 3457 subiungi,
1837 3386 1866 3441 id

423 3472 497 3539 quod
520 3471 549 3526 in
566 3471 676 3543 legibus
698 3472 859 3542 appellatur
877 3489 1029 3543 proponere
1048 3472 1278 3528 constitutionem
1295 3472 1345 3526 sab
1357 3477 1555 3541 programmate
1573 3470 1765 3542 magistratus.
1803 3473 1866 3529 Huc

423 3561 554 3626 spectant
571 3557 790 3627 subscriptiones
807 3558 873 3614 hae:

459 3662 532 3725 1‚16‚
545 3662 577 3715 10
590 3664 714 3729 praelata
727 3660 808 3729 (1166)
824 3661 942 3715 Veronae
960 3665 1070 3729 (66666)
1089 3662 1140 3716 sub
1153 3660 1353 3717 constitutione
1372 3661 1408 3716 ad
1421 3660 1556 3716 vicarium
1571 3660 1770 3732 Hispaniarum
1788 3662 1865 3718 data

457 3749 481 3812 1,
491 3747 557 3813 8,11
589 3750 712 3817 praelata
733 3748 829 3802 litteris
852 3747 889 3801 ad
907 3749 1114 3819 Eutycltcanum
1132 3749 1222 3818 praes.
1240 3748 1300 3802 urbi
1324 3748 1394 3816 (1166
1415 3753 1445 3804 61
1468 3751 1566 3817 annus)
1589 3748 1641 3803 sub
1663 3748 1865 3804 constitutione

627 3833 696 3888 data
713 3833 749 3889 ad
768 3833 898 3889 comitem
916 3852 1057 3889 sacrarum
1075 3834 1264 3906 largitionum.
1295 3834 1335 3889 lla
1353 3833 1437 3889 missa
1456 3833 1567 3889 videtur
1584 3834 1621 3889 ab
1638 3833 1809 3905 imperatore
1828 3835 1865 3889 ad

627 3921 800 3991 praefectum
822 3920 885 3975 urbi
903 3920 1052 3976 subiuncta
1074 3921 1100 3975 ei
1124 3921 1215 3976 altera
1237 3922 1274 3975 61
1296 3922 1370 3975 hunc
1394 3922 1431 3977 ab
1450 3921 1618 3991 imperatore
1636 3919 1756 3986 directa,
1779 3938 1873 3989 quam

627 4007 695 4062 licet
713 4008 847 4061 66611166
865 4007 1037 4078 propositam
1055 4025 1176 4063 666666
1195 4008 1338 4062 habemus.

456 4092 481 4157 8,
490 4092 542 4155 4,6
593 4091 659 4145 data
681 4093 797 4160 66161616
815 4096 964 4162 praesens,
985 4096 1030 4147 aas·
1052 4095 1116 4149 1666
1136 4111 1213 4148 sacra
1236 4093 1326 4159 [66161
1348 4095 1468 4149 66161616
1492 4094 1544 4149 661)
1571 4093 1772 4149 constitutione
1795 4094 1865 4150 data

628 4179 780 4234 Mediolani
798 4181 834 4235 ad
853 4181 973 4235 'laurum
996 4185 1061 4253 p‘p‘o.
1097 4182 1174 4237 Haec
1199 4181 1364 4251 perturbata
1381 4184 1457 4244 suut;
1481 4182 1598 4236 16116666
1620 4180 1797 4235 scribendum
1820 4185 1865 4237 est

626 4266 737 4333 66161616
755 4285 773 4319 6
786 4268 921 4336 praefecto
943 4272 973 4324 et
994 4268 1184 4338 intellegenda
1202 4266 1326 4338 epistula
1348 4267 1476 4322 a'l'auro
1497 4266 1581 4321 missa
1604 4267 1784 4337 magistratui
1807 4267 1863 4323 cui·

626 4352 689 4406 dam
709 4353 860 4421 praemisso
878 4356 1005 4426 exemplo
1024 4353 1235 4411 constitutionis
1254 4354 1331 4408 illius
1349 4354 1385 4408 ab
1403 4354 1571 4423 imperatore
1589 4358 1733 4423 acceptae.

455 4439 557 4503 1112
591 4440 697 4507 6161616
714 4442 1025 4509 (66661661616Η11616
1042 4442 1092 4496 aab
1103 4441 1147 4495 dic
1161 4439 1363 4495 11116666.
1377 4440 1468 4506 Rom.,·
1482 4456 1535 4494 666
1548 4439 1731 4510 11111161.
1748 4440 1866 4497 Vesana·

625 4525 786 4596 (76661112)
810 4528 951 4581 6611661616
973 4528 1156 4582 Valentiniani
1178 4534 1204 4582 61
1220 4528 1338 4582 Valentis
1354 4528 1415 4581 ΑΔ.
1441 4527 1492 4582 sub
1514 4526 1638 4597 epistula
1662 4526 1864 4598 imperatorum

626 4612 694 4667 data
711 4613 748 4667 ad
760 4613 941 4668 Volusianum
961 4623 976 4683 p
995 4622 1012 4668 ῦ
1031 4615 1087 4682 (vel
1106 4614 1200 4684 potius
1214 4613 1348 4668 vicarium
1360 4613 1498 4683 praefecti
1510 4613 1596 4682 urbi):
1614 4613 1784 4684 subscriptio
1802 4633 1863 4686 per-

625 4697 741 4752 turbata
764 4697 806 4752 ita
829 4699 939 4753 videtur
960 4698 1126 4769 accipienda
1152 4699 1263 4755 litteras
1288 4698 1485 4769 imperatorum
1512 4699 1593 4755 datas
1617 4699 1654 4754 ad
1676 4698 1864 4757 Volusianum

626 4784 651 4837 d.
665 4784 717 4836 XII
736 4784 857 4839 1111611.
875 4789 905 4840 61
923 4784 1026 4839 Romae
1047 4786 1083 4839 ab
1102 4786 1156 4839 hoc
1174 4784 1332 4855 propositas
1350 4785 1517 4855 praemissas
1535 4804 1594 4841 6666
1618 4785 1758 4857 epistulae
1776 4785 1862 4843 datae

626 4888 643 4923 a
656 4869 808 4924 Volusiano
826 4871 861 4924 ad
880 4871 1075 4941 magistratum
1093 4871 1186 4926 nescio
1203 4888 1285 4939 quem
1304 4876 1437 4942 acceptas
1451 4871 1565 4927 Venafri
1584 4871 1629 4927 die
1647 4871 1701 4926 1111
1719 4872 1826 4945 16661.

455 4956 479 5018 9,
490 4955 539 5018 ss
589 4956 901 5023 61661616111661666.
919 4958 1099 5024 1166ήὲ(1166
1117 4962 1147 5013 61
1170 4959 1258 5027 locus)
1283 4959 1334 5013 sub
1356 4958 1480 5028 epistula
1502 4958 1570 5014 data
1591 4958 1628 5013 ad
1647 4958 1782 5015 vicarium
1800 4960 1863 5017 llis·

625 5042 786 5111 paniarum:
810 5044 920 5097 videtur
942 5043 1070 5115 intellegi
1095 5044 1261 5115 rescriptum
1285 5045 1382 5099 datum
1400 5044 1525 5101 Veronae
1550 5044 1587 5099 ad
1605 5043 1742 5099 vicanum
1760 5044 1862 5118 Hispa·

625 5127 734 5182 uiarum
758 5129 917 5198 praemissis
940 5130 1000 5185 6166
1022 5130 1126 5185 11116116
1149 5132 1185 5186 ab
1208 5149 1241 5187 eo
1267 5130 1380 5186 missum
1403 5148 1462 5187 esse
1487 5133 1523 5188 ad
1545 5131 1744 5203 magistratum
1767 5133 1862 5190 nescio

626 5233 708 5282 quem
727 5216 821 5272 alium.

440 5301 556 5364 11‚1,25
589 5303 724 5368 proposita
739 5303 770 5355 in
780 5307 974 5374 programmate
988 5302 1054 5359 Vari
1069 5319 1125 5360 aa
1137 5304 1234 5353 Μ
1245 5303 1324 5353 ffl
1334 5303 1439 5376 Ranae
1451 5307 1563 5376 (66666)
1579 5305 1632 5362 sub
1649 5303 1774 5378 spatula
1790 5306 1861 5364 data

625 5387 660 5442 ad
678 5388 808 5446 comitem
826 5409 847 5446 s.
859 5390 890 5446 l.:
913 5388 1048 5457 intelle?
1638 5407 1670 5448 ma
1686 5391 1725 5450 ab
1740 5392 1861 5466 impera·
