4517 6125
428 678 690 740 GREGORIANVS

404 3110 471 3164 sust.
482 3109 506 3176 1,
517 3109 558 3177 se,
570 3108 651 3162 1-11

403 3712 472 3768 lust.
482 3713 506 3779 7,
516 3711 557 3777 67,
568 3713 581 3765 1

405 3884 472 3938 lust.
482 3885 506 3949 7,
515 3883 557 3951 66,
568 3883 635 3937 1-5

404 4056 471 4110 lust.
482 4056 506 4122 7,
516 4056 558 4120 65,
569 4058 582 4110 1

405 4659 473 4713 lust.
481 4659 507 4722 4,
517 4658 560 4723 20,
572 4656 645 4713 1-8.

456 4747 482 4809 4,
492 4745 533 4810 21,
545 4745 629 4799 1-14

406 5002 473 5056 lust.
485 5001 525 5067 10,
535 5001 578 5067 32,
589 5001 673 5056 1-13

1012 519 1243 587 -ΧΧΝ-

910 678 1191 737 THEODOSIANVS
1499 677 1737 738 wssmlaavs

742 803 775 858 13
792 802 816 857 si
834 820 885 874 per
899 803 1093 874 obreptionem
1110 804 1197 860 fuerit
1213 804 1358 875 inpetrata

743 889 775 943 14
792 889 826 944 66
844 889 964 946 conditis
982 890 1011 944 in
1029 889 1153 960 publicis
1171 889 1277 946 horreis
1387 886 1472 954 1026
1490 911 1523 935 =

742 976 774 1030 15
792 975 826 1031 de
844 975 960 1046 publica
977 975 1187 1046 comparatione
1386 973 1472 1042 1021
1490 979 1523 1031 ut
1537 974 1643 1029 nemini
1657 975 1745 1032 liceat
1761 975 1792 1032 in
1808 993 1852 1032 co

1437 1060 1579 1131 emptione
1591 1059 1747 1131 specierum
1764 1079 1794 1118 se
1807 1079 1851 1117 ex-

1438 1164 1535 1204 cusare
1553 1153 1599 1202 cst

741 1233 774 1289 16
792 1234 826 1290 66
843 1233 1072 1291 extraordinariis
1089 1233 1148 1290 sive
1166 1230 1284 1287 sordidis
1301 1240 1358 1285 mu·
1387 1233 1471 1299 10,48
1490 1232 1523 1287 66
1545 1232 1771 1289 excusationibus
1794 1252 1852 1289 mu-

774 1319 887 1376 neribus
1438 1337 1534 1375 nerum

741 1406 773 1460 17
791 1405 826 1462 de
843 1423 977 1475 equorum
995 1405 1154 1461 conlatione

741 1492 774 1546 18
790 1491 840 1562 qui
858 1508 876 1546 a
892 1490 1069 1562 praebitione
1087 1491 1208 1547 tironum
1231 1495 1260 1547 et
1278 1507 1359 1560 equo·

790 1595 851 1632 mm
870 1581 1036 1632 excusentur

741 1665 773 1719 19
791 1665 825 1719 de
838 1662 996 1719 conlatione
1013 1663 1159 1719 fundorum
1179 1662 1359 1733 patrimonia·
1388 1663 1427 1728 ll,
1438 1661 1471 1716 65
1491 1685 1524 1708 =

791 1748 861 1804 lium
878 1749 924 1805 vel
942 1749 1177 1818 enfytsuticorurn
1195 1752 1225 1804 61
1245 1748 1287 1804 rei
1305 1747 1359 1818 pri·

792 1836 876 1890 satae

739 1919 825 1974 2066
848 1919 1007 1976 conlatione
1031 1920 1197 1976 donatarum
1222 1919 1268 1974 vel
1291 1918 1359 1974 rele·
1388 1920 1471 1987 10,28
1494 1921 1529 1975 66
1554 1920 1706 1977 collatione
1732 1922 1850 1980 donato·

791 2008 921 2060 vataram
939 2004 1143 2075 possessionum
1436 2024 1498 2061 rum
1517 2007 1562 2062 vel
1580 2007 1768 2063 relevatorum
1785 2014 1832 2063 cct.

739 2089 771 2143 21
792 2090 826 2145 66
845 2091 1003 2147 conlatione
1022 2091 1094 2145 aeris
1388 2091 1471 2157 10,20
1490 2115 1524 2139 =

739 2176 773 2231 22
791 2194 825 2232 ne
844 2176 1012 2233 conlationis
1030 2176 1179 2232 translatio
1200 2175 1359 2247 postuletur

739 2262 774 2317 23
791 2263 826 2319 66
843 2262 1015 2333 protostasia

740 2350 774 2404 24
793 2348 827 2404 66
845 2347 1010 2419 patrociniis
1029 2348 1153 2404 vicorum
1387 2349 1426 2414 ll,
1437 2349 1471 2401 54
1484 2351 1516 2403 ut
1527 2367 1608 2405 nemo
1620 2351 1656 2406 ad
1668 2368 1746 2405 suum
1757 2355 1850 2421 patro-

1437 2433 1542 2489 cinium
1560 2436 1697 2506 suscipiat
1711 2436 1787 2492 vicos
1806 2438 1848 2493 vel

1436 2519 1593 2576 rusticanos
1612 2539 1706 2578 eorum

739 2608 774 2662 25
792 2606 826 2662 de
844 2606 1094 2675 quadrimenstruis
1112 2607 1243 2662 brevibus
1386 2605 1453 2670 1,42
1472 2629 1505 2653 =

739 2693 773 2746 26
792 2693 826 2747 66
843 2692 1045 2747 discussoribus
1386 2692 1470 2756 10,30
1488 2715 1522 2738 =

739 2779 772 2833 27
791 2779 826 2834 de
848 2777 991 2834 alimentis
1014 2795 1087 2846 quae
1109 2779 1206 2849 inopes
1228 2782 1359 2848 parentes

792 2865 826 2920 de
844 2864 959 2935 publico
976 2869 1072 2934 petere
1090 2864 1195 2920 debent

739 2950 773 3004 28
791 2950 826 3005 66
843 2949 1027 3021 indulgentiis
1044 2949 1202 3006 debitorum

738 3035 772 3091 29
791 3035 826 3091 66
841 3034 1025 3092 relationibus
1384 3036 1409 3100 7,
1418 3034 1451 3091 61
1471 3056 1504 3081 =

738 3121 773 3176 30
791 3123 824 3177 66
840 3121 1081 3192 appellationibus
1099 3126 1129 3179 61
1147 3124 1244 3193 poenis
1262 3141 1357 3181 earum
1384 3122 1408 3187 7,
1419 3121 1453 3175 32
1480 3120 1514 3176 66
1543 3121 1786 3191 appellationibus
1820 3128 1850 3179 61

790 3211 819 3263 61
837 3208 1091 3265 consultationibus
1436 3206 1688 3264 consultationibus

738 3292 770 3347 31
790 3293 824 3349 de
842 3296 1067 3364 reparationibus
1084 3294 1311 3366 appellationum
1384 3291 1452 3355 ’1,63
1469 3292 1503 3346 66
1522 3293 1695 3363 temporibus
1719 3297 1749 3350 61
1770 3313 1849 3366 repa-

1435 3377 1592 3434 rationibus
1621 3379 1848 3449 appellationum

1435 3480 1483 3519 seu
1503 3463 1740 3521 consultationum

738 3533 772 3588 32
790 3536 824 3590 66
842 3536 963 3592 secundo
982 3537 1061 3593 labsu

738 3620 772 3674 33
790 3620 824 3677 de
843 3621 1028 3679 dilationibus
1046 3641 1081 3679 ex
1098 3640 1232 3679 consensu

738 3706 773 3761 34
790 3708 825 3763 66
845 3706 890 3761 his
912 3709 961 3777 qui
983 3728 1034 3779 per
1051 3712 1155 3764 metum
1178 3707 1280 3764 iudicis
1303 3726 1358 3764 non
1384 3703 1450 3768 ’067
1470 3727 1502 3751 =

790 3794 1008 3864 appellaverunt

739 3878 773 3932 35
790 3878 814 3933 si
826 3880 965 3949 pendente
978 3879 1170 3950 appellatione
1187 3897 1260 3934 mors
1274 3880 1358 3937 inter-
1383 3876 1407 3940 7,
1417 3876 1451 3930 66
1471 3900 1503 3922 =

791 3964 899 4020 venerit

739 4051 773 4105 36
791 4068 908 4119 quorum
937 4050 1145 4121 appellationes
1174 4069 1228 4106 non
1260 4053 1359 4123 recipi·
1385 4050 1409 4114 7,
1418 4049 1453 4103 65
1472 4074 1504 4095 =

790 4140 874 4192 antur

739 4224 773 4277 37
791 4222 814 4277 si
833 4223 867 4276 de
885 4225 1025 4278 momento
1043 4222 1129 4278 fuerit
1148 4222 1324 4292 appellatum
1386 4223 1409 4287 7,
1419 4223 1453 4278 69
1476 4222 1500 4276 si
1523 4223 1557 4279 66
1581 4221 1765 4277 momentaria
1787 4240 1849 4294 pos·

1436 4308 1557 4363 sessione
1569 4309 1655 4364 luerit
1671 4309 1849 4379 appellatum

739 4396 773 4453 88
790 4396 825 4450 66
843 4396 1016 4467 possessione
1034 4396 1070 4452 ab
1090 4413 1136 4459 eo,
1160 4395 1215 4463 qui-
1231 4393 1275 4450 bis
1297 4413 1359 4466 pro·

792 4483 943 4548 vocaverit,
961 4484 1154 4539 transferenda

975 4654 981 4665 ι
1099 4652 1105 4664 .
1354 4589 1363 4680 1
1384 4586 1409 4651 4,
1419 4583 1454 4638 20
1471 4584 1505 4639 (16
1523 4584 1645 4639 testibus

740 4654 775 4709 33
792 4654 826 4710 66
844 4654 897 4709 fido
916 4658 1030 4710 testium
1049 4656 1078 4709 et
1097 4656 1362 4789 instrumentorum?
1384 4671 1450 4735 4‚21
1471 4671 1505 4724 de
1526 4668 1580 4725 fide
1602 4669 1847 4727 instrumentorum

1436 4761 1476 4809 cst

807 4896 1054 4953 THEODOSIANI
1077 4896 1185 4952 LIBER
1207 4894 1444 4952 DVODECIMVS

760 5004 772 5057 l
792 5002 827 5058 de
845 5000 1040 5058 decurionibus
1388 4999 1427 5064 10,
1439 4998 1472 5052 32
1485 4998 1520 5053 66
1532 4996 1728 5052 decurionibus
1741 5001 1770 5054 et
1783 4999 1849 5052 tiliis

1437 5102 1532 5141 eornm
1551 5089 1598 5138 ccl.

757 5176 774 5228 2
793 5174 826 5228 (16
845 5173 1003 5245 praebendo
1021 5170 1125 5228 salario
1388 5171 1427 5236 10,
1436 5172 1471 5227 37
1489 5194 1523 5217 =

757 5259 827 5315 366
844 5258 968 5329 praediis
989 5264 1019 5314 et
1042 5258 1192 5329 mancipiis
1211 5258 1359 5314 curialium
1387 5257 1471 5322 1034
1489 5280 1522 5303 =

791 5345 850 5400 sine
868 5347 981 5402 decreto
998 5363 1052 5399 uon
1071 5344 1228 5400 alienandis
