4517 6125
1033 543 1221 597 -hll-

658 696 852 751 Snmmarium:
1380 701 1406 754 Τ
1402 705 1478 756 mua
1496 709 1533 770 16,
1545 709 1570 769 5,
1580 709 1629 756 40.-

406 802 438 854 ut
455 816 501 855 eos
518 803 644 870 repertos
661 806 804 871 tamquam
820 803 970 875 sacrilegos
987 802 1100 868 iudicet,
1154 804 1281 861 volumus
1299 822 1357 861 esse
1376 805 1520 876 publicum
1538 805 1642 862 crimen

440 884 469 940 id
487 889 530 941 est
548 886 657 956 publici
675 887 799 944 criminis
816 907 878 945 reos

406 1041 486 1096 bonis
504 1059 599 1098 eorum
617 1042 781 1114 proscribtis
1153 1066 1224 1118 qnos
1241 1048 1375 1104 bonorum
1392 1048 1478 1105 etiam
1497 1048 1691 1119 publicatione
1708 1048 1850 1119 prosequi·

1188 1154 1250 1190 mur

406 1213 446 1269 sic
464 1218 570 1280 tamen,
594 1220 627 1272 ut
645 1216 756 1273 illorum
774 1222 904 1289 parentes
922 1221 1102 1278 successionis
1153 1239 1225 1291 quse
1237 1225 1332 1278 temen
1341 1221 1439 1278 cedere
1451 1221 1579 1278 iubemus
1592 1221 1727 1293 proximis
1736 1220 1850 1291 quibus·

440 1300 565 1357 habeant
574 1302 747 1369 facultatem,
755 1305 884 1374 patribus
893 1306 1026 1362 fratribus
1035 1308 1102 1363 filiis
1187 1326 1242 1378 que
1259 1306 1393 1379 personis,
1411 1307 1454 1362 ita
1469 1311 1502 1364 ut
1517 1306 1726 1364 ascendentium
1738 1307 1785 1361 rel
1803 1307 1850 1361 ds·

1188 1394 1380 1450 scandentium
1392 1393 1436 1450 vel
1450 1393 1623 1450 venientium
1636 1411 1670 1450 ex
1681 1393 1771 1449 letsre
1786 1410 1850 1464 cog·

1187 1484 1317 1537 natorum
1328 1498 1417 1550 nsque
1429 1481 1465 1535 ed
1477 1480 1628 1535 secundnm
1641 1479 1759 1551 gradum
1771 1477 1851 1535 velut

1186 1567 1217 1622 in
1234 1565 1456 1623 successionibus
1473 1566 1540 1621 ordo
1558 1570 1685 1623 servetur

406 1746 472 1783 sane
490 1729 514 1784 si
532 1748 594 1787 cum
609 1731 680 1802 ipsis
694 1739 723 1791 et
736 1734 789 1805 ipsi
803 1753 858 1790 non
871 1736 1103 1794 commisceantur
1152 1738 1177 1794 si
1195 1757 1250 1795 uon
1268 1744 1297 1796 et
1315 1738 1370 1810 ipsi
1387 1737 1450 1810 pari
1468 1738 1640 1796 conscientia
1657 1738 1824 1809 polluuntur

406 1813 464 1869 illis
487 1834 538 1873 nec
562 1819 666 1876 donam
688 1838 740 1875 nec
762 1821 859 1876 donari
881 1839 933 1876 uec
955 1824 1102 1880 succedere
1153 1827 1229 1897 ipsos
1255 1843 1367 1895 quoque
1397 1825 1525 1881 volumus
1554 1823 1678 1881 amoveri
1707 1824 1744 1880 ab
1774 1821 1850 1878 omni

440 1901 525 1959 licere
538 1921 628 1975 neque
639 1906 823 1962 contrahendi
839 1909 942 1965 habere
955 1909 1102 1966 licentiam
1187 1910 1360 1969 liberalitate
1373 1916 1403 1967 et
1414 1911 1587 1968 successione
1600 1951 1607 1966 .
1619 1950 1626 1966 .
1640 1949 1647 1965 .
1660 1907 1851 1966 condonandi

1251 2016 1306 2054 non
1324 2001 1465 2068 postremo
1483 1997 1666 2055 contrahendi
1684 1995 1785 2066 cuique
1802 2035 1850 2049 ...

1188 2084 1371 2154 relinquimus
1388 2084 1555 2140 facultatem

407 2248 661 2318 testamentumque
679 2248 793 2307 inritum
812 2250 850 2307 sit
1153 2274 1283 2328 suprema
1294 2254 1373 2312 illius
1384 2255 1523 2313 scribtura
1539 2254 1621 2312 irrita
1636 2252 1675 2309 sit
1690 2252 1749 2309 sive
1765 2255 1851 2310 testa·

1188 2345 1282 2398 mento

406 2506 509 2578 gredns
526 2505 595 2564 iuris
612 2507 801 2565 dinumeratos
819 2511 898 2581 (corr.
911 2529 945 2567 cc
963 2514 1038 2585 den)
1153 2471 1207 2570 hoc
1229 2470 1339 2586 quoque
1362 2486 1429 2572 casir
1453 2469 1551 2572 eadem
1576 2512 1628 2568 illa
1650 2509 1727 2566 circa
1747 2507 1852 2580 gradus

877 2589 882 2598 ’
1189 2601 1315 2673 superius
1333 2600 1541 2672 conprehendes
1557 2596 1720 2656 condicione
1737 2596 1852 2652 servata

406 2761 447 2817 sic
470 2767 564 2821 tamen
585 2764 657 2821 filios
684 2769 843 2833 succedere,
869 2769 892 2824 si
915 2771 1102 2841 penitentiam
1154 2792 1206 2830 nec
1223 2773 1295 2830 filios
1313 2774 1428 2831 heredes
1446 2771 1579 2828 exsistere
1592 2810 1598 2823 .
1612 2809 1618 2823 .
1632 2808 1639 2823 .
1652 2765 1851 2839 permittimus,

441 2849 550 2920 0801th
1189 2860 1243 2916 nisi
1262 2879 1280 2915 a
1298 2864 1417 2931 paterna
1434 2857 1576 2929 pravitate
1594 2851 1783 2915 &messenum
1807 2851 1851 2905 de

1188 2946 1251 3002 licti
1268 2946 1343 3003 enim
1361 2944 1472 3001 veniam
1490 2940 1702 3014 paenitentibus
1720 2939 1818 2994 damus

406 3020 513 3087 Servos,
525 3021 550 3077 si
561 3023 664 3080 conscii
673 3043 728 3081 non
737 3030 810 3093 sunt,
823 3031 902 3085 extra
912 3031 1025 3103 eulpam
1035 3052 1103 3102 esse,
1155 3034 1253 3091 Servos
1280 3034 1366 3091 etiam
1394 3036 1473 3089 extra
1501 3046 1601 3085 noxam
1627 3043 1687 3084 esse
1715 3025 1851 3089 volumus,

441 3107 465 3163 si
483 3109 674 3179 poenituerint
690 3112 758 3183 [sic]
1189 3121 1213 3176 si
1235 3162 1314 3177 ....
1338 3120 1375 3175 ad
1399 3116 1546 3175 ecclesiam
1574 3112 1745 3169 catholicam
1768 3154 1774 3167 .
1793 3152 1822 3167 ..
1845 3153 1852 3167 .

1189 3206 1352 3264 transierint

407 3281 458 3336 hos
479 3280 598 3337 dominis
621 3286 823 3354 praeferendos.
860 3290 939 3353 Quod
961 3293 986 3348 si
1008 3313 1103 3352 servus
1154 3292 1292 3351 Praeferri
1306 3292 1355 3360 (sic
1365 3290 1423 3345 Vct.
1436 3289 1568 3357 compte)
1586 3284 1744 3342 huiusmodi
1763 3282 1851 3338 homi-

442 3367 547 3425 sciente
560 3368 671 3427 domino
685 3376 715 3429 et
727 3392 782 3429 uon
795 3375 941 3446 proibents
954 3381 1102 3448 contraxit,
1188 3399 1254 3436 num
1273 3382 1369 3434 coetus
1392 3375 1502 3432 domino
1526 3374 1632 3429 sciente
1651 3410 1780 3426 .......
1799 3387 1851 3426 nec

442 3454 507 3510 fisco
524 3453 686 3512 sociandum
1189 3464 1355 3536 prohibente
1381 3462 1532 3527 contraxit.
1559 3456 1729 3531 patrimonio
1755 3460 1851 3513 nostro

407 3715 530 3768 actorem
560 3731 624 3770 vero
651 3715 695 3772 vel
722 3723 929 3788 procuratorem
957 3723 1102 3793 plumbum
1155 3730 1234 3783 actor
1250 3725 1294 3780 vel
1313 3725 1477 3795 procurator
1494 3717 1676 3793 possessionis
1693 3712 1852 3772 cohercitus

442 3796 522 3866 (corr.
535 3815 569 3854 en
586 3800 713 3872 plumbo)
731 3804 831 3861 debere
852 3809 1021 3864 contundere

407 3968 537 4026 idoneum
555 3977 679 4030 actorem
696 3976 856 4046 deportatio
874 3980 1011 4051 suscipiat
1155 3984 1314 4051 conductor,
1332 3982 1356 4037 si
1374 3981 1490 4037 idoneus
1508 3982 1559 4046 est,
1578 3978 1773 4049 deportabitur

409 4056 531 4112 Iudicem
559 4059 760 4130 despicientem
788 4064 833 4120 vel
856 4066 1029 4124 differentem
1052 4070 1103 4124 XX
1154 4074 1246 4127 rector
1257 4067 1418 4140 provinciae
1437 4066 1461 4121 si
1477 4067 1549 4123 haec
1565 4064 1851 4121 crimina...distre-

443 4140 577 4199 llbfflmm
596 4146 656 4201 auri
675 4147 829 4206 feriendum
1189 4154 1256 4211 lerit
1273 4159 1323 4211 aut
1341 4196 1347 4209 .
1366 4196 1371 4209 .
1389 4196 1414 4209 ..
1432 4152 1599 4227 neglexerit,
1622 4150 1695 4208 sciat
1712 4170 1742 4207 se
1760 4151 1852 4207 multa

1190 4241 1241 4296 XX
1260 4242 1394 4297 librarum
1412 4238 1473 4298 auri
1490 4238 1645 4296 feriendum

407 4314 571 4373 Defensores
587 4318 713 4391 singulas
726 4324 786 4394 (ric)
798 4324 891 4382 officia
907 4327 1002 4384 decem
1015 4327 1105 4385 librae
1154 4327 1317 4385 Defensores
1336 4369 1342 4381 .
1360 4369 1366 4381 .
1385 4331 1415 4384 et
1431 4326 1603 4398 principales
1625 4323 1737 4380 urbium
1759 4322 1853 4395 singu·

442 4402 636 4477 ⁰⁰¹¹⁸ffi⁰8³¹¹l
1190 4414 1280 4471 larum
1303 4433 1354 4471 nec
1372 4432 1427 4470 non
1445 4417 1475 4469 et
1492 4412 1584 4469 officia
1601 4408 1789 4481 provincialia
1808 4411 1852 4467 de-

1191 4519 1252 4557 cem
1270 4500 1405 4556 librarum
1422 4498 1484 4554 auri
1502 4513 1594 4567 poene
1611 4496 1787 4568 constringat

494 4684 592 4741 Nihilo
609 4686 701 4744 minus
718 4689 865 4758 probabile
883 4695 927 4745 est
948 4690 1056 4746 scholia
1078 4692 1148 4748 haec
1170 4690 1277 4761 scripta
1299 4706 1358 4746 esse
1380 4691 1473 4744 stante
1491 4686 1671 4756 aliquatenus
1688 4704 1718 4743 re
1736 4686 1853 4757 publica

409 4771 542 4827 Romarm
571 4774 733 4843 imperator,
752 4774 801 4844 qui
819 4774 863 4831 ita
878 4793 941 4832 raro
955 4777 1119 4847 appellatur
1130 4778 1183 4845 (10,
1194 4779 1233 4842 10,
1245 4779 1284 4833 12.
1299 4778 1351 4844 14),
1369 4775 1534 4846 plerumque
1548 4774 1672 4844 princeps
1684 4772 1776 4829 dictus
1792 4773 1852 4831 sine

409 4857 494 4913 dubio
505 4860 649 4929 Augustus
666 4865 721 4925 est;
739 4861 938 4918 dominationis
952 4880 1050 4933 regum
1062 4864 1261 4919 Germanorum
1279 4879 1416 4931 nusquam
1430 4860 1580 4932 vestigium
1598 4859 1717 4931 repperi,
1735 4876 1800 4914 uam
1818 4877 1852 4915 er

408 4944 529 5013 eoquod
545 4944 639 5000 domas
656 4953 751 5001 nostra
768 4947 1000 5003 constitutionum
1013 4948 1117 5019 passim
1130 4949 1293 5019 appelletur
1302 4947 1396 5002 ἀοιιιιιι
1412 4947 1485 5016 cepio
1499 4948 1534 5013 (9,
1543 4946 1612 5012 {litt
1625 4974 1657 4985 -
1671 4945 1747 5011 1221,
1760 4946 1849 5000 114-

410 5030 484 5094 116,
496 5031 528 5085 14
545 5062 579 5072 -
599 5032 787 5097 13‚1,5.8.24
805 5063 838 5073 -
858 5035 899 5098 16,
909 5035 934 5099 5,
943 5035 985 5088 52.
996 5035 1044 5097 54;
1062 5033 1194 5090 similiter
1207 5035 1246 5098 12,
1256 5035 1281 5100 6,
1293 5036 1325 5090 16
1343 5064 1376 5075 -
1396 5033 1436 5099 16,
1446 5033 1470 5098 5,
1479 5033 1524 5100 21)
1536 5049 1713 5102 nequaquam
1729 5030 1759 5085 id
1776 5035 1852 5086 recte

408 5115 552 5173 efficietur.
589 5117 687 5174 Multis
704 5118 774 5174 locis
793 5118 917 5174 videmus
935 5124 1078 5175 auctorem
1095 5120 1136 5174 rei
1155 5119 1286 5190 publicae
1304 5119 1446 5176 Romanae
1464 5116 1568 5174 aetatis
1586 5116 1708 5173 labentis
1726 5114 1853 5171 terminis

408 5202 452 5258 uti
473 5203 514 5258 ibi
537 5222 659 5274 quoque,
683 5204 732 5260 ubi
756 5204 876 5262 discedit
899 5222 917 5261 e
940 5205 1172 5263 constitutionum
1195 5206 1295 5263 verbis
1332 5207 1376 5261 lta
1398 5205 1577 5260 nominantur
1593 5204 1696 5268 o,14‚3
1717 5203 1851 5268 indueres,

408 5289 571 5359 spectabiles,
589 5292 738 5360 ἀανίιιιιιιί,
756 5292 816 5358 ee,
826 5292 843 5346 2
854 5292 1006 5362 rpedobilea
1018 5295 1047 5348 et
1062 5292 1218 5358 mesae
1235 5294 1260 5356 9,
1271 5294 1294 5358 1,
1304 5291 1329 5357 3,
1348 5295 1378 5346 et
1390 5291 1461 5347 alibi
1473 5290 1627 5356 masei,
1645 5288 1714 5345 item
1729 5288 1851 5354 11,31,9,

409 5378 458 5436 nbi
480 5378 595 5437 additur
617 5379 649 5434 id
669 5385 708 5435 est
727 5385 866 5450 patronas
888 5395 1002 5448 causon
1026 5378 1213 5449 reiprioatiani
1232 5379 1346 5445 10‚1‚2‚
1367 5379 1521 5449 privationi
1543 5376 1655 5444 10‚1‚8;
1680 5375 1853 5445 manans·
