4517 6125
1007 551 1264 610 -000xx..

440 716 464 769 5.
486 715 516 767 lu
535 711 651 783 placito,
670 711 744 781 quod
758 709 873 767 Carolus
884 710 1006 780 Magnus
1023 726 1096 764 anno
1111 709 1160 762 191
1177 707 1223 764 die
1241 706 1350 763 decimo
1367 706 1488 778 septimo
1505 706 1608 763 mensis
1620 707 1765 765 Februarii
1783 709 1862 779 apud

484 803 579 869 Aquas
597 797 712 860 habuit.
738 795 869 852 decamus
891 796 980 852 abbas
998 795 1157 852 Pmmeusis
1178 795 1208 850 in
1226 794 1330 851 iudicio
1349 794 1434 850 villas
1452 794 1587 864 quasdem
1604 793 1767 852 ‘secuudum
1785 796 1862 866 quod

484 889 529 944 lex
547 887 674 942 Romana
691 884 790 939 edocet
808 887 838 940 et
855 883 899 938 sui
917 883 1025 939 scabini
1043 883 1069 940 ei
1087 883 1293 939 iudicaverunt’
1309 881 1465 951 adnuat)

441 995 466 1047 6.
485 991 592 1046 Charta
604 988 762 1045 donationis
773 987 890 1043 Harvioi
903 987 1108 1044 Audeosveusis
1120 986 1289 1043 monasterio
1302 985 1447 1041 Prumensi
1459 987 1553 1043 factae
1566 987 1602 1058 [a.
1614 987 1677 1056 804]
1693 986 1723 1041 in
1735 987 1862 1058 proemio

483 1078 571 1132 habet
591 1075 689 1131 verba:
706 1076 779 1130 ‘cum
796 1074 827 1129 in
845 1072 927 1129 libris
944 1074 1132 1130 'Fheodosiaui
1151 1078 1180 1129 et
1197 1073 1414 1145 Hermogeniaui
1432 1091 1481 1130 seu
1498 1073 1628 1144 Pupieni,
1647 1091 1697 1145 per
1715 1090 1797 1142 quem
1815 1072 1862 1128 lex

486 1162 623 1227 continet,
648 1160 785 1231 scriptum
808 1165 864 1224 est,
888 1160 963 1230 quod
986 1159 1130 1216 donationi
1155 1159 1272 1215 traditio
1297 1159 1499 1230 subsequatur’,
1521 1177 1640 1229 quocum
1661 1161 1704 1215 Br.
1717 1159 1770 1214 Fh.
1784 1159 1862 1224 vm,

486 1251 537 1314 5,1
558 1249 609 1303 int.
628 1248 784 1317 conferas.¹)

444 1348 468 1402 Ι.
488 1346 673 1413 Praeceptum
685 1341 820 1398 Ludovici
834 1341 917 1398 Caeci
931 1342 1045 1398 Bosonis
1057 1341 1109 1396 filii
1125 1342 1247 1414 [894111.
1260 1342 1326 1397 idus
1337 1343 1497 1414 Augustas]‚
1510 1359 1565 1412 quo
1578 1342 1758 1400 donationem
1770 1340 1863 1413 patris
1883 1384 1884 1388 ,

486 1432 529 1487 sui
548 1430 679 1500 episcopo
692 1428 957 1499 Gratianopolituuo
969 1428 1123 1493 confirmat,
1141 1428 1170 1483 iu
1189 1429 1243 1483 fine
1260 1428 1334 1484 hauc
1353 1429 1507 1484 clausulam
1526 1429 1654 1500 praebet:
1671 1428 1757 1484 ‘lllud
1774 1428 1863 1485 etiam

485 1521 605 1574 inserere
623 1515 761 1581 iussimus,
783 1519 815 1571 ut
833 1514 857 1570 si
876 1514 980 1584 aliquis
997 1518 1091 1571 nostro
1109 1516 1186 1571 facto
1204 1516 1361 1586 retragetor
1377 1514 1408 1570 in
1426 1515 1521 1584 aliquo
1540 1520 1667 1586 repertus
1684 1514 1777 1582 fuerit,
1796 1534 1863 1572 mox

485 1624 613 1677 poenam,
627 1620 712 1673 quam
724 1603 769 1657 lex
781 1601 932 1658 Theodosii
946 1601 1095 1672 praecipit,
1113 1601 1144 1656 id
1162 1605 1205 1658 est
1218 1602 1296 1656 XXX
1314 1602 1401 1658 libras
1420 1603 1488 1669 suri,
1507 1620 1566 1659 esse
1584 1603 1760 1659 multandum
1773 1603 1863 1671 etc.'⁸)

376 1683 379 1689 ’
486 1693 608 1748 Poenam
626 1690 704 1745 XXX
722 1689 785 1745 auri
810 1689 944 1745 librarum
968 1706 1059 1759 neque
1082 1688 1111 1744 in
1129 1688 1273 1745 Breviario
1298 1707 1388 1760 neque
1412 1690 1442 1745 iu
1459 1689 1654 1746 Theodosiauo
1676 1689 1798 1760 genuino
1820 1689 1862 1744 iu·

485 1779 588 1835 venies.
619 1780 753 1833 Attamen
764 1776 865 1847 ‘legem
879 1775 1039 1832 Theodosii'
1053 1775 1228 1831 Breviarium
1246 1774 1316 1830 mihi
1334 1793 1393 1832 esse
1407 1775 1517 1832 videtur
1528 1777 1664 1846 tarsoque
1682 1775 1862 1833 coniecturae

485 1883 618 1936 poenam,
642 1864 721 1920 cuius
742 1862 830 1919 etiam
849 1863 968 1918 formula
986 1862 1090 1919 codicis
1102 1862 1286 1919 Vercellensis
1309 1862 1478 1919 mentionem
1497 1863 1580 1930 facit,
1605 1863 1635 1919 iu
1657 1862 1718 1920 iure
1734 1863 1862 1919 Romano

483 1952 546 2008 aevi
567 1953 733 2007 Francorum
758 1954 895 2006 statutam
918 1950 1015 2019 itaque
1040 1949 1099 2021 legi
1117 1949 1268 2005 Theodosii
1293 1948 1466 2021 adscriptam
1489 1968 1561 2016 esse,
1586 1968 1647 2020 qun
1666 1949 1777 2006 uomina
1800 1953 1862 2006 tum

483 2036 657 2095 Breviarium
675 2035 896 2107 significabatur.

439 2139 464 2191 8.
484 2135 590 2191 Charta
602 2131 772 2195 donationis,
790 2149 875 2200 quam
888 2130 1023 2186 Arnuldus
1042 2149 1133 2188 comes
1148 2130 1346 2187 Carcassoniae
1365 2131 1536 2188 monasterio
1554 2151 1575 2186 s.
1588 2130 1700 2187 Ioannis
1712 2131 1862 2204 Baptistae

484 2218 711 2278 Caetri-Malasti
730 2236 803 2275 auno
821 2219 872 2272 949
891 2217 982 2285 dedit,
1006 2217 1091 2273 dicit:
1108 2218 1193 2287 ‘quod
1217 2216 1289 2289 legis
1307 2217 1449 2273 Romanae
1468 2216 1589 2288 primum
1608 2216 1766 2289 capitulum
1784 2219 1861 2289 apud

483 2308 586 2364 librum
609 2306 725 2364 tertium
744 2304 927 2361 saluberrime
950 2304 1073 2360 intonet:
1096 2304 1164 2360 Cum
1188 2304 1261 2360 iuter
1283 2307 1421 2361 ementem
1438 2333 1472 2343 -
1490 2301 1683 2374 permittatur'
1699 2326 1732 2350 =
1749 2305 1795 2359 Br.
1809 2305 1861 2362 Fh.

484 2396 534 2460 ΙΙΙ,
549 2398 571 2462 1,
588 2399 600 2449 l
619 2394 695 2459 int⁴l

442 2494 466 2549 9.
490 2494 707 2548 lustrumeutum
726 2487 827 2560 placiti
838 2484 1013 2545 Arelatensis
1031 2506 1104 2545 auno
1122 2490 1174 2544 968
1192 2489 1236 2546 die
1250 2488 1383 2544 vicesimo
1396 2488 1517 2560 Augusti
1535 2488 1588 2543 sub
1600 2487 1740 2544 Guilelmo
1758 2488 1861 2544 comite

484 2576 646 2634 Provinciae
663 2575 757 2631 habiti
770 2574 852 2630 dicit:
871 2579 900 2631 et
918 2574 942 2629 si
960 2574 1073 2646 legibus
1090 2576 1198 2631 factum
1216 2580 1246 2632 et
1263 2575 1409 2632 definitum
1426 2574 1522 2641 habui,
1541 2573 1664 2644 qualiter
1676 2575 1721 2630 lex
1736 2574 1862 2631 Romana

484 2666 692 2721 commemorat:
711 2661 857 2731 ‘quicquid
879 2660 908 2716 in
927 2662 1123 2733 praesentibus
1141 2663 1270 2733 partibus
1288 2661 1375 2719 fuerit
1397 2661 1568 2729 ordinatum,
1591 2661 1710 2718 habebit
1732 2662 1861 2732 plenissi-

484 2771 559 2807 mam
580 2749 742 2805 firmitatem
764 2766 815 2804 nec
836 2747 944 2819 poterit
961 2748 1119 2803 immutari‘
1139 2772 1172 2795 =
1192 2750 1236 2803 Br.
1249 2748 1301 2802 Th.
1315 2748 1362 2816 IV,
1378 2750 1449 2813 153
1467 2747 1543 2817 intr)
1579 2748 1657 2803 ldem
1673 2747 1863 2818 fragmentum

483 2837 571 2893 etiem
589 2835 727 2906 placitum
745 2853 770 2890 a.
784 2835 835 2889 994
853 2835 974 2891 secundo
992 2833 1038 2890 die
1051 2833 1197 2890 Februarii
1214 2834 1245 2888 iu
1257 2835 1407 2890 Mouoasca
1424 2834 1555 2891 habitum
1568 2834 1693 2906 praebet,
1711 2852 1777 2890 uam
1789 2853 1862 2904 quae

483 2923 518 2979 de
536 2923 599 2994 lege
618 2922 744 2976 Romana
760 2920 839 2985 dicit,
859 2939 892 2976 ex
911 2920 961 2976 illo
980 2919 1087 2991 placito
1106 2920 1172 2976 auni
1191 2921 1242 2976 968
1260 2919 1410 2992 sumpsisse
1430 2920 1572 2988 videtur.⁸)

427 3027 465 3082 10.
484 3027 588 3081 Charta
608 3023 767 3081 donationis
785 3024 920 3081 Guilelmi
939 3025 1105 3082 Provinciae
1123 3025 1235 3083 comitis
1254 3043 1326 3082 anno
1345 3026 1397 3081 919
1419 3025 1465 3082 die
1488 3025 1596 3082 decimo
1617 3023 1737 3097 septimo
1758 3027 1863 3083 mensis

484 3111 590 3182 Aprilis
613 3110 671 3166 filio
696 3129 745 3167 suo
764 3112 857 3168 factae
880 3113 909 3167 iu
932 3113 1056 3183 proemio
1080 3114 1135 3169 hac
1158 3113 1285 3169 clausula
1306 3116 1433 3169 ornetur:
1459 3112 1633 3169 ‘Auctoritas
1655 3112 1760 3169 etenim
1783 3111 1865 3171 iubet

484 3197 677 3254 ecclesiastica
701 3200 730 3253 et
755 3198 801 3254 lex
820 3198 962 3270 praecipit
980 3198 1118 3264 Romana,
1141 3201 1174 3254 ut
1192 3199 1350 3269 quicunque
1372 3216 1430 3254 rem
1454 3216 1534 3254 suam
1557 3198 1586 3254 in
1609 3197 1758 3269 alicunque
1776 3203 1865 3255 trans

484 3285 598 3340 fundere
618 3285 739 3340 voluerit
757 3289 941 3355 potestatem.
960 3304 1010 3356 per
1028 3286 1161 3357 pagiuam
1180 3284 1344 3341 testamenti
1363 3302 1425 3341 eam
1443 3284 1587 3349 infundat,
1610 3288 1642 3340 ut
1659 3283 1777 3356 prolixis
1795 3288 1864 3343 tem·

484 3370 599 3442 poribus
616 3388 714 3427 secura
725 3376 755 3427 et
767 3372 865 3440 quieta
878 3372 1089 3441 permaneat.’⁷)
1122 3370 1226 3427 Variae
1246 3370 1361 3427 chartae
1380 3371 1556 3442 notitiaeque
1574 3372 1691 3428 eandem
1708 3371 1865 3430 similemve

485 3459 639 3514 clausulam
652 3457 756 3529 passim
770 3458 858 3514 etiam
870 3458 1067 3515 abbreviatam
1079 3460 1224 3529 praebent.
1256 3456 1379 3521 Quarum
1391 3458 1549 3528 complures
1561 3456 1766 3513 chartularium
1778 3458 1865 3514 abbe·

486 3545 544 3599 tiae
557 3546 584 3598 S.
595 3544 717 3600 Victoris
735 3546 811 3615 apud
829 3544 984 3600 Massiliam
1003 3545 1137 3605 continet.
1156 3544 1279 3615 exempli
1297 3543 1391 3616 gratia
1409 3544 1575 3600 donationes
1587 3544 1734 3600 Bertranni
1753 3544 1865 3600 comitis

486 3631 664 3700 [loru-321,
690 3630 803 3687 Geruldi
822 3633 873 3701 [ca.
888 3632 978 3701 10601,
1001 3630 1140 3702 Rostagui
1160 3630 1286 3701 episcopi
1303 3630 1482 3687 Vasionensis
1502 3631 1578 3702 [llll
1597 3629 1746 3699 v1‚rt3].·)
1781 3630 1866 3686 'l'alia

484 3718 571 3772 etiam
596 3717 625 3770 in
650 3716 822 3773 chartulario
845 3718 1013 3774 Lerineusis
1027 3718 1161 3775 abbatiae
1187 3718 1324 3783 iuvenies,
1351 3716 1471 3788 exempli
1495 3716 1591 3787 gratia
1616 3718 1646 3771 in
1671 3716 1865 3773 instrumentis

484 3802 615 3858 Fuleonis
634 3802 715 3872 [saec.
729 3803 792 3874 ΧΠ,
810 3805 958 3861 Adelberti
977 3806 1058 3876 [saec.
1073 3805 1136 3875 Xl]‚
1155 3804 1290 3861 Guilelmi
1303 3804 1478 3860 Gsuoerauui
1498 3804 1708 3874 [1036-1066],
1727 3804 1864 3861 Guilelmi

485 3890 691 3960 [1030-10161,
709 3890 861 3946 Raimundi
880 3892 993 3948 comitis
1013 3892 1222 3963 [1046-1066],
1241 3891 1379 3963 Rostagui
1392 3891 1589 3946 Aviuionensis
1607 3890 1745 3961 praesulis
1764 3892 1865 3961 [10731

487 3975 620 4031 (leufredi
649 3976 776 4047 episcopi
799 3977 992 4048 Antipolitani
1020 3978 1120 4049 [1083],
1148 3978 1290 4035 Abellouii
1319 3977 1419 4049 [1093],
1446 3978 1550 4050 Augeri
1577 3977 1711 4050 Regeusis
1737 3975 1865 4048 episcopi

486 4064 586 4133 [1096]‚
603 4064 728 4121 Blacatii
741 4065 939 4136 [loeo-1115]
960 4070 989 4121 et
1006 4066 1155 4122 Bertranni
1168 4065 1345 4138 Eugilramni
1363 4066 1397 4121 de
1411 4065 1575 4135 Corsegolus
1590 4065 1710 4133 1115511)
1741 4062 1865 4126 Quorum

486 4150 540 4205 duo
560 4149 639 4219 [1083
658 4154 688 4206 et
707 4151 785 4221 1096]
810 4168 865 4206 uon
888 4153 977 4207 solum
993 4152 1070 4222 ‘lege
1089 4152 1225 4207 Romeua’
1242 4153 1290 4207 sed
1309 4152 1396 4209 etiam
1412 4150 1600 4207 ‘Francorum’
1622 4149 1782 4205 ordinatum
1804 4168 1865 4205 esse

486 4237 590 4298 dicunt,
610 4238 775 4295 donationes
793 4238 1011 4310 perscripturus
1029 4239 1174 4295 faciendas
1192 4257 1259 4305 ease,
1278 4240 1336 4295 alia
1354 4240 1398 4310 [ut
1416 4240 1580 4303 10191092,
1596 4238 1863 4309 1096-1115,1155]

506 4414 525 4475 ¹)
543 4417 631 4480 boyer,
649 4413 816 4465 Mittelrheiu.
830 4414 1042 4467 Urkundeubuch
1061 4420 1081 4482 Ι,
1093 4415 1143 4479 41;
1162 4418 1272 4471 Hilbner
1288 4415 1391 4467 31110.ἱ
1409 4417 1460 4466 Xll
1477 4416 1554 4467 addit.
1567 4411 1602 4465 33
1620 4415 1667 4466 Νο.
1683 4409 1739 4465 134.

504 4502 524 4564 ²)
541 4503 624 4566 Beyer
643 4500 660 4551 l.
673 4517 695 4551 c.
715 4501 734 4564 1,
747 4497 793 4564 473
813 4501 887 4552 Sau’
905 4500 1014 4566 11‚1‘20;
1034 4503 1134 4555 Haeuel
1151 4504 1228 4554 LRV.
1240 4500 1300 4555 435.

505 4586 526 4650 ⁸)
545 4587 685 4638 collection
705 4587 736 4638 de
754 4587 853 4639 docum.
873 4589 967 4640 inedita
985 4607 1031 4640 sur
1049 4590 1173 4641 l'histoire
1191 4591 1222 4641 de
1240 4592 1345 4640 Frunce.
1376 4590 1532 4642 ('urtuluires
1550 4588 1581 4639 de
1599 4586 1698 4654 l'egliss
1716 4586 1865 4639 cathedrale

416 4658 447 4708 de
465 4658 593 4709 Grcrroble
610 4658 648 4707 ed.
662 4658 764 4708 llariou
781 4655 823 4707 65.
860 4658 956 4709 Conrat
974 4659 996 4722 I,
1010 4657 1056 4721 313
1077 4661 1185 4722 Patettu,
1204 4657 1490 4724 Riv.1r.x11‚309sq.

505 4742 527 4805 ⁴)
547 4741 698 4808 (Vaissette)
718 4744 831 4794 Histoire
850 4743 881 4795 de
900 4746 1056 4811 Languedoc
1074 4743 1114 4809 ΙΙ,
1137 4762 1246 4812 preuves
1264 4744 1305 4797 91.
1341 4744 1414 4796 Sav.²
1433 4740 1567 4807 11,114d;
1593 4743 1693 4795 Haeuel
1711 4739 1863 4795 LRV.'12⁰.

507 4827 528 4892 ⁸)
546 4830 670 4892 Mardus,
688 4829 811 4880 Collectio
829 4847 869 4880 arn
889 4830 987 4881 lissima
1007 4829 1028 4891 Ι,
1041 4828 1099 4879 333.
1112 4827 1177 4886 333;
1196 4831 1320 4889 Gudrard
1339 4829 1485 4882 Cartuleire
1501 4830 1534 4880 de
1550 4829 1671 4897 l'ubbaye
1688 4829 1720 4880 de
1738 4831 1763 4880 S.
1775 4829 1864 4880 Victor

417 4899 449 4949 de
468 4899 596 4949 Marseille
614 4896 634 4959 1,
648 4895 698 4949 307
708 4916 761 4965 sq.;
779 4901 839 4951 Ser.
858 4848 892 4960 li,
907 4898 953 4950 lll
963 4896 992 4957 ἴς
1011 4899 1111 4951 llaeuel
1129 4900 1147 4950 l.
1160 4917 1182 4951 c.
1195 4899 1261 4961 4653
1279 4902 1377 4952 Conrut
1393 4898 1415 4962 Ι,
1429 4897 1490 4950 38⁸.

505 4984 525 5048 ⁰)
544 4985 659 5035 Martbue
676 4982 840 5049 1.o.1,334;
859 4984 933 5036 Sav.¹
949 4984 985 5051 ΙΙ,
1001 4982 1066 5038 111·
1075 5005 1082 5047 ;
1101 4987 1201 5039 Husuel
1217 4985 1348 5051 1.ο.465;
1366 4988 1462 5038 Conrat
1480 4983 1575 5050 1,38⁸.

504 5071 526 5133 τ1
545 5071 661 5122 Gudrard
680 5071 696 5122 1.
709 5088 732 5123 c.
744 5069 779 5135 ΙΙ,
792 5069 852 5123 509.

505 5155 526 5218 ⁸)
545 5156 662 5207 Guerard
679 5158 696 5209 1.
709 5173 731 5210 c.
749 5155 782 5222 ΙΙ,
803 5156 850 5221 13,
874 5155 896 5219 Ι,
909 5156 968 5209 363.
986 5155 1045 5209 369.
1064 5155 1128 5222 399;
1153 5157 1188 5222 ΙΙ,
1201 5157 1260 5211 473.
1296 5161 1347 5213 cfr.
1366 5158 1480 5211 chartam
1503 5159 1649 5210 donationis
1666 5159 1789 5225 Rostagui
1806 5158 1863 5210 uiue

417 5226 466 5291 die,
483 5225 569 5277 Gallia
585 5226 727 5278 christiana
743 5226 765 5290 Ι,
779 5226 820 5279 73.

415 5378 468 5434 215
494 5309 670 5433 3331121920
681 5314 771 5375 illanc,
789 5315 932 5366 cartulaire
948 5315 980 5366 de
998 5313 1118 5382 l'abbaye
1137 5316 1168 5366 de
1186 5316 1277 5367 Lerina
1295 5314 1316 5379 Ι,
1329 5312 1370 5376 49,
1388 5313 1431 5375 46,
1450 5313 1492 5378 91,
1513 5312 1570 5379 135,
1589 5312 1647 5380 353,
1665 5311 1725 5380 343,
1743 5310 1784 5378 93,
1804 5312 1863 5374 198,

469 5422 476 5448 ,
659 5418 665 5432 .
