4517 6125
1014 609 1046 619 -
1083 578 1176 633 XXIX
1212 609 1244 620 -

407 734 470 788 Iam
492 731 708 789 constitutiones
729 732 902 788 Theodosius
924 733 1021 806 colligi
1043 734 1123 791 iubet
1144 735 1286 790 edictorum
1309 736 1410 791 uiribus
1432 742 1481 791 urst
1502 753 1580 792 sacra
1599 739 1770 809 meroldus
1791 740 1853 795 sub·

407 820 492 874 sima
507 821 613 888 (1,1,5)
632 819 691 875 sive
709 819 830 875 cdidulcs
845 822 1031 890 gemmatosque
1047 822 1250 877 constitutiones
1266 823 1298 876 ia
1315 825 1395 879 cartu
1412 824 1562 893 prosimu
1580 832 1629 880 out
1648 827 1710 881 locis
1726 829 1812 882 culm
1827 835 1853 883 et

403 908 523 976 proponi
538 907 626 961 iussas
637 909 671 978 (1,
682 909 704 971 1,
713 908 739 977 6)
756 906 815 963 sive
833 906 956 963 breviter
969 910 1105 976 permulsa
1116 910 1151 975 (1,
1164 911 1186 976 1,
1196 911 1232 978 5).
1261 910 1381 981 Propter
1395 928 1458 967 eam
1476 929 1589 967 causam
1606 929 1670 967 cum
1687 915 1852 986 abrogaren-

407 994 457 1047 tur
472 993 550 1065 leges
566 992 764 1065 imperatoriae
781 1011 876 1050 omnes
893 998 959 1050 ante
977 994 1051 1049 hunc
1070 994 1194 1050 codicem
1211 995 1328 1052 emissae
1346 1015 1435 1066 neque
1453 997 1483 1052 in
1501 1016 1565 1053 eum
1582 1004 1725 1069 receptae,
1748 1001 1852 1072 excipi-

407 1085 495 1137 untur
516 1081 544 1136 in
562 1082 766 1153 promulgando
788 1080 883 1138 codice
905 1097 974 1150 quac
994 1081 1126 1136 habeatur
1143 1082 1219 1150 apud
1241 1084 1356 1137 militum
1377 1089 1473 1138 sanda
1490 1085 1631 1154 principia
1654 1087 1693 1140 od
1715 1087 1747 1141 de
1768 1089 1853 1142 tdaiis

403 1169 519 1238 pabt'ss's
540 1185 716 1237 impensorum
738 1169 905 1236 odorumque
927 1184 1018 1222 rerum
1037 1170 1127 1237 qratia
1150 1187 1219 1238 quac
1239 1171 1271 1224 in
1288 1173 1395 1242 regestas
1412 1171 1576 1226 diversorum
1593 1173 1742 1240 cificorum
1764 1177 1853 1230 relata

406 1262 474 1311 aaut
485 1255 669 1323 (Theodosius
679 1273 742 1312 nov.
753 1256 787 1324 1).
812 1254 1011 1326 significantur
1022 1256 1134 1311 omnino
1146 1257 1214 1313 licet
1230 1257 1393 1327 imperfecte
1406 1257 1620 1315 constitutiones
1632 1277 1687 1315 non
1699 1262 1852 1331 generales.

407 1343 580 1399 Constitutio
598 1342 739 1414 generalis
756 1341 824 1411 quid
842 1340 989 1412 significet,
1010 1343 1083 1398 inira
1101 1345 1197 1414 capite
1215 1343 1322 1399 decimo
1339 1344 1370 1398 in
1386 1344 1547 1415 praemissis
1565 1346 1602 1401 ad
1620 1348 1853 1404 constitutionum

407 1433 589 1500 conspectum
611 1428 811 1500 explicabitur;
836 1429 890 1485 hoc
915 1428 977 1483 loco
1003 1429 1123 1486 sufficiet
1148 1431 1273 1487 breviter
1293 1449 1404 1488 monere
1427 1433 1596 1502 praeteritas
1620 1451 1680 1490 esse
1705 1453 1768 1490 curn
1790 1454 1852 1492 con-

406 1516 571 1572 stitutiones
587 1515 788 1587 imperatorum
806 1533 861 1571 non
878 1515 1075 1587 legitimorum,
1094 1517 1179 1573 sicuti
1196 1523 1272 1574 recte
1290 1518 1422 1574 observat
1439 1521 1537 1575 auctor
1553 1520 1745 1576 chronicorum
1766 1521 1852 1577 Galli-

407 1621 502 1658 corum
521 1606 559 1673 (p.
573 1602 632 1669 XI),
650 1621 715 1657 nam
733 1601 843 1665 Licinii,
864 1601 1026 1673 Magnentii,
1044 1603 1161 1658 Maximi
1178 1605 1402 1675 reliquorumque
1419 1607 1618 1675 ‘tyrannomm’
1636 1607 1851 1665 constitutiones

407 1689 503 1745 nullae
527 1689 557 1744 in
574 1690 626 1745 hoc
645 1706 760 1760 corpore
781 1687 969 1760 reperiuntur,
992 1692 1053 1744 tum
1075 1708 1170 1746 eorum
1194 1691 1328 1756 omnium,
1352 1691 1401 1760 qui
1423 1693 1535 1748 fuerunt
1553 1697 1619 1749 ante
1638 1693 1853 1750 Constantinum

406 1776 535 1846 primum
562 1776 622 1832 Hoc
634 1778 798 1832 mandatum
814 1794 846 1833 eo
859 1777 969 1833 videtur
983 1782 1118 1848 spectare,
1137 1778 1212 1847 quod
1230 1779 1383 1836 anteriores
1400 1781 1536 1837 collectae
1548 1784 1677 1839 extarent
1694 1781 1723 1837 in
1737 1781 1852 1837 volumi-

405 1863 490 1919 nibus
508 1863 679 1936 Gregoriano
697 1868 727 1919 et
745 1863 980 1935 Hermogenian03
999 1869 1126 1921 attamen
1144 1865 1309 1936 diligentius
1326 1866 1472 1936 quaerenti
1490 1867 1641 1938 apparebit
1659 1886 1721 1923 sam
1739 1885 1853 1923 oausam

407 1968 462 2005 nou
484 1968 544 2006 esse
566 1950 736 2020 primariam
772 1951 845 2006 Nam
865 1950 991 2023 Gregorii
1009 1953 1118 2023 sylloge
1137 1970 1199 2007 cum
1218 1952 1346 2008 videatur
1364 1953 1441 2010 edita
1459 1971 1518 2010 esse
1536 1972 1561 2010 a.
1575 1955 1626 2009 295
1643 1957 1673 2010 ct
1696 1954 1726 2009 in
1743 1972 1776 2010 co
1794 1955 1853 2011 fini·

407 2037 495 2103 risse,
514 2035 730 2107 Hermogeniani
749 2035 873 2106 corporis
890 2035 978 2091 editio
995 2054 1042 2097 es.
1064 2055 1150 2106 quam
1172 2037 1361 2094 adhibuerunt
1378 2039 1530 2108 prudentes
1547 2039 1696 2096 Iustiniani
1713 2058 1852 2110 quamque

405 2123 475 2178 item
497 2121 671 2178 Theodosius
693 2123 803 2179 videtur
826 2122 992 2193 respexisse,
1018 2122 1166 2194 publicata
1192 2127 1235 2180 est
1258 2125 1422 2196 regentibus
1447 2125 1595 2196 imperium
1617 2126 1800 2184 Constantino
1823 2132 1852 2185 et

404 2208 514 2265 Licinio
532 2208 715 2280 pervenitque
734 2213 808 2266 certe
827 2211 863 2264 ad
881 2228 906 2264 a.
918 2211 970 2266 314
987 2211 1099 2281 (Iust.3,
1112 2211 1337 2282 1,8†t,22‚3);
1355 2215 1454 2268 contra
1471 2212 1703 2269 constitutionum
1721 2215 1751 2269 in
1763 2215 1852 2271 Theo-

406 2299 553 2355 dosianum
574 2302 749 2369 receptarum
767 2298 963 2369 antiquissima
980 2302 1024 2356 est
1043 2299 1255 2364 10,10,1÷13,
1268 2299 1332 2363 10,1
1357 2299 1425 2354 data
1442 2316 1468 2354 a.
1481 2299 1569 2368 3121&
1591 2298 1648 2355 trie
1671 2299 1760 2371 igitur
1781 2299 1852 2355 haec

406 2403 524 2457 corpora
541 2404 595 2442 non
612 2389 688 2442 recte
707 2384 840 2440 continua
859 2386 1015 2442 creduntur.
1027 2417 1061 2426 —
1077 2386 1149 2442 Vere
1166 2385 1238 2441 mihi
1257 2385 1386 2441 videntur
1404 2403 1520 2456 corpora
1538 2387 1592 2441 duo
1610 2385 1772 2455 antiquiora
1790 2386 1853 2456 ipsa

405 2490 457 2528 sua
480 2477 584 2528 natura
608 2473 717 2528 differre
742 2490 760 2527 a
782 2472 987 2538 Theodosiana,
1013 2473 1064 2528 illa
1087 2474 1214 2543 profecta
1238 2490 1297 2528 esse
1322 2490 1356 2528 ex
1380 2471 1493 2542 imperii
1518 2472 1693 2528 ordinatione
1714 2473 1851 2543 Augusta,

405 2559 557 2614 secundum
569 2577 654 2629 quam
665 2558 797 2630 princeps
814 2558 858 2613 ius
875 2557 1059 2628 respondendi
1076 2557 1136 2614 sive
1153 2558 1247 2630 legum
1259 2557 1533 2629 interpretandarum
1549 2558 1658 2623 babuit,
1677 2576 1732 2614 non
1750 2557 1852 2613 habuit

405 2644 450 2698 ius
468 2644 539 2716 legis
554 2644 693 2716 generalis
705 2645 813 2700 dandae
826 2643 1006 2711 (samace
1017 2643 1059 2707 2⁸,
1077 2643 1126 2698 881
1137 2647 1213 2712 seq),
1233 2644 1458 2700 'theodosianum
1474 2644 1594 2715 pendere
1612 2662 1645 2700 ex
1658 2644 1717 2700 iure
1734 2643 1852 2714 impera·

405 2729 480 2785 torio
502 2729 639 2800 pleniore,
662 2748 694 2786 eo
718 2730 827 2786 scilicet
850 2730 924 2799 quod
946 2729 1071 2800 explicat
1093 2730 1146 2785 sub
1170 2730 1286 2801 Ulpiani
1310 2730 1420 2788 nomine
1442 2732 1563 2802 prudens
1587 2731 1691 2800 aliquis
1715 2730 1853 2801 posterior

405 2817 469 2889 Dig.
482 2819 538 2883 1,4,
550 2821 563 2873 1
576 2818 621 2888 (cf.
632 2817 792 2872 Staoursdd
804 2818 846 2883 2⁸,
863 2817 914 2871 876
926 2820 983 2872 not.
993 2817 1028 2885 3).
1056 2816 1221 2886 Adsumpsit
1238 2816 1267 2871 id
1285 2817 1397 2873 omuino
1415 2836 1470 2873 non
1487 2837 1517 2874 re
1536 2818 1576 2886 (id
1593 2817 1667 2874 enim
1685 2818 1768 2888 longe
1786 2820 1851 2872 ante

405 2905 514 2960 facturn
531 2906 591 2973 est),
610 2905 658 2961 sed
675 2904 787 2961 nomine
805 2909 834 2960 et
852 2903 1003 2974 expressim
1015 2902 1215 2959 Constantinus
1228 2903 1341 2973 primus,
1359 2922 1442 2972 quem
1459 2905 1495 2960 ob
1511 2889 1573 2960 eam
1590 2922 1703 2961 causam
1721 2903 1751 2959 ni
1768 2904 1852 2958 fallor

405 2991 559 3063 imperator
580 2990 705 3045 lulianus
727 2990 907 3061 reprehendit
929 2993 1028 3060 utpote
1051 2996 1201 3043 occatorem
1221 2990 1432 3058 testatorumque
1454 2991 1601 3058 priscorum
1619 2992 1702 3059 legam
1726 2995 1751 3045 et
1772 2989 1852 3043 moris

405 3078 558 3147 sumatur
573 3078 670 3147 recepti
680 3078 852 3146 (Ammianus
863 3080 905 3143 21,
917 3079 957 3143 10,
967 3078 1001 3148 3).
1029 3078 1181 3147 Propterea
1194 3076 1409 3133 comtitutiones
1421 3077 1545 3134 directae
1557 3078 1593 3133 ad
1605 3078 1740 3149 privatos,
1753 3080 1851 3148 quales

405 3164 493 3220 etiam
511 3164 711 3235 imperatorum
729 3166 793 3234 post
805 3163 1018 3219 Constantinum
1036 3163 1147 3233 aliquot
1164 3181 1197 3219 ex
1210 3164 1333 3233 corporis
1345 3163 1560 3235 Hermogeniani
1573 3165 1697 3221 editione
1710 3171 1851 3236 postrema

404 3253 498 3308 adfert
519 3256 617 3307 auctor
635 3250 855 3307 consultationis
874 3250 975 3305 veteris
997 3250 1199 3316 iurisconsulti,
1224 3251 1319 3306 nullae
1344 3254 1408 3306 sunt
1432 3250 1461 3305 in
1480 3252 1672 3308 Theodosiauo
1694 3253 1850 3309 habendae·

404 3358 459 3409 que
477 3341 552 3403 sunt,
572 3354 644 3407 quae
661 3337 690 3392 in
708 3356 741 3393 eo
759 3338 902 3409 leguntur,
921 3355 1014 3393 omncs
1034 3356 1085 3408 pro
1103 3337 1227 3409 legibus,
1249 3342 1300 3393 aut
1317 3338 1441 3395 directae
1459 3339 1495 3394 ad
1512 3339 1649 3409 populum
1667 3345 1849 3410 senatumque

404 3430 455 3482 aut
474 3444 525 3496 per
541 3423 724 3496 magistratus
742 3423 856 3495 publice
874 3424 1043 3494 propositae.
1080 3424 1256 3494 Quamquam
1274 3425 1328 3480 hac
1346 3426 1409 3497 lege
1427 3424 1521 3495 posita
1540 3427 1607 3482 fines
1625 3426 1699 3483 inter
1716 3427 1849 3483 constitu·

404 3511 495 3569 tiones
518 3512 694 3582 recipiendas
720 3516 750 3567 et
772 3510 941 3567 omittendas
967 3528 1021 3565 non
1045 3511 1174 3567 absolute
1199 3511 1371 3568 Theodosius
1396 3512 1608 3577 determinavit3
1636 3513 1849 3569 constitutiones

404 3598 479 3655 enim
496 3599 534 3654 ad
551 3616 668 3669 corpora
686 3598 823 3663 directae,
841 3615 913 3666 quae
931 3597 1037 3668 passim
1054 3597 1236 3653 inveniuntur
1253 3598 1282 3652 in
1300 3598 1505 3664 Theodosiano,
1529 3599 1565 3654 ad
1587 3616 1696 3655 sacram
1713 3599 1849 3672 generali-

404 3688 494 3743 tatem
512 3684 560 3739 vix
578 3688 654 3741 recte
674 3683 821 3755 adspirant
842 3688 871 3740 et
893 3682 1004 3739 omnino
1026 3702 1059 3740 ex
1077 3683 1222 3754 rescriptis
1244 3685 1281 3739 ad
1302 3684 1486 3757 magistratus
1504 3684 1579 3740 datis
1597 3703 1735 3755 quaenam
1757 3690 1850 3742 essent

402 3771 560 3844 generalia,
582 3771 738 3828 necessario
761 3769 902 3841 pendebat
924 3788 942 3825 a
960 3769 1177 3840 compositorum
1199 3769 1324 3826 arbitrio.
1361 3772 1414 3827 Sed
1436 3771 1489 3826 hoc
1507 3771 1637 3843 religiose
1656 3771 1785 3828 videntur
1802 3773 1849 3827 ob·

404 3877 540 3924 servasse,
567 3859 600 3913 ut
626 3858 806 3914 excluderent
829 3856 1043 3913 constitutiones
1068 3875 1162 3914 omncs
1187 3858 1302 3913 emissas
1328 3858 1364 3913 ad
1392 3856 1518 3913 homines
1544 3858 1677 3929 privatos.
1719 3858 1849 3915 Ceterum

404 3945 505 4001 tabula
522 3944 596 4000 infra
614 3962 676 4015 cap.
691 3943 798 4000 decimo
817 3943 962 4014 proposita
980 3943 1158 4000 continentur
1174 3943 1287 4000 uomina
1305 3962 1407 4010 corum,
1425 3945 1463 4000 ad
1480 3963 1550 4015 quos
1568 3944 1691 4003 directae
1709 3949 1775 4002 sunt
1787 3963 1848 4001 con·

404 4032 567 4089 stitutiones
585 4032 614 4087 in
633 4030 858 4088 Theodosianum
875 4035 1014 4102 receptae,
1033 4049 1084 4101 per
1101 4049 1203 4103 genera
1221 4031 1384 4102 composita.

489 4119 591 4175 samm
611 4118 711 4173 virium
729 4135 878 4186 conumque
896 4119 1065 4187 temporum,
1085 4136 1156 4186 quae
1174 4118 1257 4173 modo
1275 4117 1473 4183 indicavimus,
1498 4122 1612 4174 cunctas
1631 4117 1847 4173 constitutiones

404 4204 502 4276 colligi
524 4204 608 4261 iussit
626 4203 797 4260 Theodosius
820 4203 907 4260 etiam
930 4206 1054 4258 mutatas
1076 4208 1175 4274 postea
1194 4205 1238 4259 vel
1256 4205 1391 4259 sublatas.
1433 4204 1562 4276 Corporis
1584 4204 1697 4260 formati
1716 4204 1848 4261 Constan-

404 4290 525 4363 tinopoli
549 4290 780 4347 constitutionum
801 4288 986 4345 Orientalium
1004 4293 1145 4360 postrema
1162 4290 1230 4346 data
1249 4295 1291 4346 cst
1314 4309 1338 4345 a.
1352 4292 1403 4346 437
1421 4292 1503 4346 Mart.
1519 4294 1550 4346 16
1569 4293 1604 4360 (6,
1617 4291 1658 4356 23,
1671 4292 1713 4357 4),
1735 4290 1846 4346 scilicet

404 4395 478 4433 anno
489 4378 546 4434 fere
559 4383 625 4434 ante
638 4376 815 4448 publicatum
829 4376 953 4432 codicem
966 4394 990 4431 a.
998 4376 1050 4431 438
1062 4376 1142 4432 Febr.
1153 4377 1192 4440 15,
1206 4375 1430 4432 Occidentalium
1442 4381 1583 4446 postrema
1595 4376 1744 4434 Ravennae
1763 4395 1787 4430 a.
1796 4376 1847 4430 432

404 4466 439 4530 (6,
449 4464 490 4531 23,
500 4464 536 4534 3).
565 4464 700 4520 Mandata
712 4467 850 4533 quatenus
868 4462 1064 4532 compilatores
1081 4461 1243 4518 satisfacere
1262 4462 1412 4533 potuerint,
1432 4464 1535 4533 pendet
1553 4482 1571 4518 a
1584 4463 1755 4532 quaestione,
1773 4463 1846 4518 unde

404 4552 572 4626 sumpserint
585 4552 746 4625 imperiales
758 4552 972 4608 constitutiones
984 4570 1017 4608 eo
1029 4551 1119 4623 magis
1133 4551 1274 4622 perplexa,
1289 4552 1364 4621 quod
1382 4554 1444 4607 tota
1461 4549 1490 4604 in
1508 4549 1668 4606 coniectura
1685 4549 1779 4621 posita
1795 4552 1845 4615 est,

405 4659 492 4710 neque
510 4638 624 4712 proprie
637 4639 832 4695 Theodosiana
850 4638 952 4694 editori
970 4639 1004 4695 dc
1022 4657 1056 4693 ea
1073 4657 1102 4694 re
1120 4640 1299 4694 tractandum
1317 4641 1368 4694 cst.
1398 4637 1533 4707 Equidem
1551 4636 1620 4706 quid
1637 4636 1764 4701 acnuam,
1784 4655 1847 4691 cum

404 4726 474 4784 alibi
491 4726 657 4797 (Zeitsdrrirt
677 4726 725 4781 dcr
741 4726 1016 4798 &agnominatam
1039 4732 1103 4780 reim.
1121 4726 1212 4793 Attia,
1232 4726 1433 4797 v01.21[1900]
1452 4743 1479 4795 p.
1494 4726 1646 4792 loe-175)
1664 4723 1845 4794 exposuerim,

404 4814 535 4869 hocloco
558 4813 682 4869 breviter
703 4816 830 4883 repetam
851 4813 965 4883 plenum
984 4812 1216 4868 constitutionum
1233 4813 1346 4867 illarum
1364 4816 1535 4882 apparatum
1553 4810 1783 4881 compilatoribus
1800 4828 1846 4865 ne·

405 4918 545 4970 quaquam
567 4904 680 4971 praesto
701 4899 787 4955 fuisse
805 4899 903 4969 itaque
927 4899 1032 4954 multas
1054 4899 1152 4953 horum
1170 4902 1327 4969 temporum
1349 4899 1378 4953 in
1396 4897 1589 4954 'theodosiano
1608 4897 1759 4953 desiderari
1783 4916 1846 4952 curn

404 4986 474 5042 alibi
491 4990 552 5043 tum
570 4987 600 5043 in
617 4986 678 5057 ipso
696 5004 729 5042 eo
746 4991 926 5050 memoratam
945 4986 981 5041 ad
995 4985 1136 5041 Orientem
1149 4988 1310 5055 spectantes
1323 4985 1538 5041 constitutiones
1555 4984 1702 5055 plerasque
1719 4988 1845 5054 sumptas

405 5091 464 5130 esse
480 5090 536 5128 non
553 5077 612 5129 mm
625 5092 660 5129 ex
671 5073 781 5129 scriniis
793 5072 982 5144 imperatoriis
994 5091 1077 5143 quam
1090 5091 1123 5128 ex
1137 5073 1285 5128 tabulariis
1296 5071 1512 5143 magistratuum
1526 5069 1769 5140 Constantinopoli
1781 5068 1845 5126 resi-

404 5160 542 5226 dentium,
563 5164 710 5230 praeterea
727 5160 861 5229 quasdam
880 5159 1018 5230 proficisci
1036 5178 1070 5216 er
1087 5158 1240 5230 propositis
1257 5159 1355 5229 Beryti
1373 5162 1402 5215 et
1420 5158 1462 5216 ita
1480 5158 1582 5214 delatis
1600 5157 1637 5213 ad
1654 5157 1714 5213 eius
1731 5156 1845 5212 scholae

404 5251 604 5311 antecameram
624 5246 839 5303 constitutiones
856 5250 1016 5317 spectantes
1035 5247 1071 5301 ad
1084 5246 1263 5303 Occidentem
1277 5248 1396 5317 pendere
1414 5247 1471 5302 fere
1489 5263 1521 5300 ex
1540 5242 1731 5315 propositione
1749 5260 1845 5298 earum

403 5332 528 5404 publica,
545 5334 657 5391 subesse
670 5333 759 5390 videri
777 5334 904 5406 syllogen
922 5334 1048 5404 aliquam
1064 5333 1177 5404 privato
1191 5335 1287 5389 labore
1300 5333 1482 5403 compositam
1500 5350 1518 5388 a
1535 5332 1604 5387 iuris
1621 5330 1713 5402 perito
1726 5330 1844 5385 Kartha-

404 5419 534 5494 giniensi
569 5420 623 5476 llas
640 5420 819 5492 quaestiones
839 5425 872 5477 ut
894 5421 993 5477 missas
1009 5420 1138 5487 facimus,
1160 5420 1203 5477 ita
1225 5420 1460 5477 enumerabuntur
1477 5422 1530 5476 hoc
1551 5421 1613 5476 loco
1631 5415 1844 5475 constitutiones
